timestamp,bid_price1,bid_qty1,bid_price2,bid_qty2,bid_price3,bid_qty3,bid_price4,bid_qty4,bid_price5,bid_qty5,bid_price6,bid_qty6,bid_price7,bid_qty7,bid_price8,bid_qty8,bid_price9,bid_qty9,bid_price10,bid_qty10,ask_price1,ask_qty1,ask_price2,ask_qty2,ask_price3,ask_qty3,ask_price4,ask_qty4,ask_price5,ask_qty5,ask_price6,ask_qty6,ask_price7,ask_qty7,ask_price8,ask_qty8,ask_price9,ask_qty9,ask_price10,ask_qty10
1741430399096,86135.93000000,0.93352000,86135.88000000,0.00014000,86135.87000000,0.00014000,86135.85000000,0.00014000,86134.02000000,0.00020000,86134.01000000,0.04622000,86133.10000000,0.00100000,86129.06000000,0.25182000,86127.88000000,0.00010000,86126.88000000,0.76637000,86135.94000000,2.47515000,86135.96000000,0.00012000,86135.98000000,0.40382000,86136.00000000,0.01412000,86137.63000000,0.00006000,86138.00000000,0.01400000,86138.19000000,0.00006000,86138.90000000,0.00100000,86139.69000000,0.66300000,86139.70000000,0.58063000
1741430400020,86135.93000000,0.93099000,86135.88000000,0.00027000,86135.86000000,0.00013000,86135.69000000,0.00008000,86134.02000000,0.00020000,86134.01000000,0.04622000,86133.10000000,0.00100000,86130.65000000,0.01009000,86130.19000000,0.25415000,86127.88000000,0.00010000,86135.94000000,2.13977000,86135.96000000,0.00012000,86135.98000000,0.40382000,86136.00000000,0.01412000,86137.63000000,0.00006000,86137.64000000,0.02321000,86138.00000000,0.01400000,86138.19000000,0.00006000,86138.90000000,0.00100000,86139.69000000,0.66300000
1741430401041,86135.93000000,2.53116000,86135.89000000,0.00013000,86135.87000000,0.00013000,86135.84000000,0.00013000,86135.69000000,0.00008000,86134.02000000,0.00020000,86134.01000000,0.04622000,86133.10000000,0.00100000,86130.86000000,0.76633000,86130.19000000,0.25415000,86135.94000000,1.57498000,86135.96000000,0.00012000,86135.98000000,0.40382000,86136.00000000,0.01406000,86136.01000000,0.00006000,86136.82000000,0.00012000,86137.63000000,0.00006000,86137.64000000,0.02321000,86138.00000000,0.01400000,86138.19000000,0.00006000
1741430401958,86135.93000000,1.10931000,86135.91000000,0.00014000,86135.90000000,0.00183000,86135.88000000,0.00014000,86135.74000000,0.00053000,86135.73000000,0.05681000,86135.69000000,0.00008000,86134.96000000,0.00027000,86134.27000000,0.00030000,86134.01000000,0.00007000,86135.94000000,1.82760000,86135.95000000,0.00012000,86135.96000000,0.00012000,86135.97000000,0.00026000,86135.98000000,0.20265000,86135.99000000,0.00006000,86136.00000000,0.01406000,86136.01000000,0.00006000,86136.82000000,0.00006000,86137.64000000,0.02321000
1741430402990,86135.93000000,1.05194000,86135.91000000,0.00014000,86135.90000000,0.00156000,86135.87000000,0.00014000,86135.85000000,0.00014000,86135.74000000,0.00039000,86134.96000000,0.00041000,86134.46000000,0.00008000,86134.27000000,0.00030000,86134.02000000,0.00014000,86135.94000000,2.94101000,86135.95000000,0.00012000,86135.96000000,0.00012000,86135.97000000,0.00026000,86135.98000000,0.20265000,86135.99000000,0.00006000,86136.00000000,0.01406000,86136.01000000,0.00006000,86136.80000000,0.08545000,86136.82000000,0.00006000
1741430404014,86135.93000000,0.85427000,86135.91000000,0.00013000,86135.90000000,0.00156000,86135.74000000,0.00039000,86135.38000000,0.00008000,86134.96000000,0.00041000,86134.27000000,0.00030000,86134.02000000,0.00020000,86134.01000000,0.04654000,86133.10000000,0.00100000,86135.94000000,1.88615000,86135.95000000,0.00012000,86135.96000000,0.00012000,86135.97000000,0.00026000,86135.98000000,0.20265000,86135.99000000,0.00006000,86136.00000000,0.01406000,86136.01000000,0.00006000,86136.82000000,0.00006000,86137.64000000,0.02321000
1741430404935,86135.93000000,0.85403000,86135.91000000,0.00014000,86135.90000000,0.00156000,86135.88000000,0.00014000,86135.86000000,0.00013000,86135.74000000,0.00039000,86135.38000000,0.00008000,86134.96000000,0.00041000,86134.27000000,0.00030000,86134.02000000,0.00020000,86135.94000000,1.88571000,86135.95000000,0.00012000,86135.96000000,0.00012000,86135.97000000,0.00026000,86135.98000000,0.20265000,86135.99000000,0.00006000,86136.00000000,0.01406000,86136.01000000,0.00006000,86136.82000000,0.00006000,86137.64000000,0.02321000
1741430405969,86135.93000000,2.08211000,86135.91000000,0.00014000,86135.90000000,0.00156000,86135.74000000,0.00039000,86135.38000000,0.00008000,86134.96000000,0.00041000,86134.27000000,0.00030000,86134.02000000,0.00020000,86134.01000000,0.04654000,86132.51000000,0.00025000,86135.94000000,1.16896000,86135.95000000,0.00012000,86135.96000000,0.00012000,86135.97000000,0.00026000,86135.98000000,0.20278000,86135.99000000,0.00020000,86136.00000000,0.01406000,86136.01000000,0.00006000,86136.82000000,0.00006000,86137.64000000,0.02321000
1741430406985,86135.93000000,1.63206000,86135.91000000,0.00014000,86135.90000000,0.00156000,86135.74000000,0.00039000,86135.38000000,0.00008000,86134.96000000,0.00041000,86134.27000000,0.00030000,86134.02000000,0.00020000,86134.01000000,0.04654000,86132.51000000,0.00025000,86135.94000000,1.42487000,86135.95000000,0.00012000,86135.96000000,0.00039000,86135.97000000,0.00026000,86135.98000000,0.20265000,86135.99000000,0.00006000,86136.00000000,0.01406000,86136.01000000,0.00006000,86136.82000000,0.00006000,86137.64000000,0.02321000
1741430408020,86135.93000000,1.36338000,86135.91000000,0.00014000,86135.90000000,0.00170000,86135.88000000,0.00013000,86135.78000000,0.00052000,86135.77000000,0.46950000,86135.38000000,0.00008000,86134.96000000,0.00027000,86134.27000000,0.00016000,86134.01000000,0.04654000,86135.94000000,2.22987000,86135.95000000,0.00012000,86135.96000000,0.00012000,86135.97000000,0.00026000,86135.98000000,0.20265000,86135.99000000,0.00006000,86136.00000000,0.01406000,86136.01000000,0.00006000,86136.82000000,0.00006000,86137.06000000,0.02000000
1741430409040,86135.93000000,1.83256000,86135.92000000,0.00180000,86135.91000000,0.00014000,86135.90000000,0.00156000,86135.81000000,0.00014000,86135.80000000,0.07675000,86135.78000000,0.00038000,86135.38000000,0.00008000,86134.96000000,0.00027000,86134.27000000,0.00016000,86135.94000000,2.08439000,86135.95000000,0.00026000,86135.96000000,0.00012000,86135.97000000,0.00026000,86135.98000000,0.20265000,86135.99000000,0.00006000,86136.00000000,0.01406000,86136.01000000,0.00006000,86136.82000000,0.00006000,86137.06000000,0.02000000
1741430410049,86135.93000000,2.98512000,86135.92000000,0.00180000,86135.90000000,0.00156000,86135.81000000,0.00014000,86135.80000000,0.07675000,86135.78000000,0.00024000,86135.38000000,0.00008000,86134.96000000,0.00027000,86134.28000000,0.00029000,86134.27000000,0.00016000,86135.94000000,0.36293000,86135.95000000,0.00026000,86135.96000000,0.00012000,86135.97000000,0.00012000,86135.98000000,0.00012000,86135.99000000,0.00020000,86136.00000000,0.01406000,86136.01000000,0.00006000,86136.06000000,0.00014000,86136.11000000,0.00008000
1741430410978,86135.93000000,2.00508000,86135.92000000,0.00167000,86135.90000000,0.00156000,86135.81000000,0.00014000,86135.80000000,0.07675000,86135.78000000,0.00024000,86135.38000000,0.00008000,86134.96000000,0.00027000,86134.28000000,0.00029000,86134.27000000,0.00016000,86135.94000000,2.14792000,86135.95000000,0.00012000,86135.96000000,0.00026000,86135.97000000,0.00012000,86135.98000000,0.00012000,86135.99000000,0.00020000,86136.00000000,0.01420000,86136.01000000,0.00006000,86136.03000000,0.00014000,86136.11000000,0.00008000
1741430412001,86135.93000000,3.00825000,86135.92000000,0.00167000,86135.90000000,0.00156000,86135.81000000,0.00014000,86135.80000000,0.29410000,86135.78000000,0.00024000,86135.38000000,0.00008000,86134.96000000,0.00027000,86134.37000000,0.01007000,86134.28000000,0.00029000,86135.94000000,0.42922000,86135.95000000,0.00012000,86135.96000000,0.00025000,86135.97000000,0.00012000,86135.98000000,0.00012000,86135.99000000,0.00026000,86136.00000000,0.01412000,86136.01000000,0.00006000,86136.03000000,0.00014000,86136.11000000,0.00008000
1741430413125,86135.93000000,2.02482000,86135.92000000,0.00167000,86135.90000000,0.00156000,86135.81000000,0.00014000,86135.80000000,0.07681000,86135.78000000,0.00024000,86135.38000000,0.00008000,86134.96000000,0.00027000,86134.28000000,0.00029000,86134.27000000,0.00016000,86135.94000000,2.24464000,86135.95000000,0.00026000,86135.96000000,0.00025000,86135.97000000,0.00012000,86135.98000000,0.00012000,86135.99000000,0.00026000,86136.00000000,0.01412000,86136.01000000,0.00006000,86136.06000000,0.00014000,86136.11000000,0.00008000
1741430414042,86135.93000000,1.88963000,86135.92000000,0.00167000,86135.91000000,0.00027000,86135.90000000,0.00169000,86135.81000000,0.00014000,86135.80000000,0.07681000,86135.78000000,0.00024000,86135.38000000,0.00008000,86134.96000000,0.00027000,86134.38000000,0.01009000,86135.94000000,2.37543000,86135.95000000,0.00012000,86135.96000000,0.00025000,86135.97000000,0.00012000,86135.98000000,0.00012000,86135.99000000,0.00026000,86136.00000000,0.01412000,86136.01000000,0.00006000,86136.11000000,0.00008000,86136.98000000,0.00014000
1741430415095,86155.04000000,1.70064000,86154.77000000,0.00008000,86154.01000000,0.00014000,86154.00000000,0.01400000,86153.19000000,0.00006000,86153.07000000,0.00014000,86153.06000000,0.01000000,86152.55000000,0.00014000,86152.54000000,0.01008000,86152.01000000,0.00014000,86155.05000000,2.13389000,86155.07000000,0.00093000,86155.08000000,0.00012000,86155.13000000,0.00012000,86155.14000000,0.00012000,86155.19000000,0.00006000,86155.38000000,0.00063000,86155.39000000,0.00006000,86155.71000000,0.00023000,86155.72000000,0.02321000
1741430416096,86155.04000000,2.53360000,86154.77000000,0.00008000,86154.01000000,0.00014000,86154.00000000,0.01400000,86153.34000000,0.00014000,86153.33000000,0.01160000,86153.07000000,0.00014000,86153.06000000,0.01000000,86152.82000000,0.00006000,86152.81000000,0.04947000,86155.05000000,1.97534000,86155.06000000,0.00012000,86155.07000000,0.00106000,86155.08000000,0.00026000,86155.11000000,0.00012000,86155.13000000,0.00006000,86155.14000000,0.00006000,86155.19000000,0.00006000,86155.38000000,0.00057000,86155.78000000,0.00012000
1741430417123,86155.04000000,2.05033000,86155.02000000,0.00028000,86154.88000000,0.00014000,86154.87000000,0.01557000,86154.77000000,0.00008000,86154.10000000,0.00006000,86154.01000000,0.00014000,86154.00000000,0.01400000,86153.34000000,0.00014000,86153.33000000,0.01160000,86155.05000000,2.38438000,86155.06000000,0.00012000,86155.07000000,0.00093000,86155.08000000,0.00012000,86155.11000000,0.00012000,86155.13000000,0.00006000,86155.14000000,0.00006000,86155.19000000,0.00006000,86155.38000000,0.00057000,86155.78000000,0.00012000
1741430417941,86155.04000000,3.56263000,86154.98000000,0.00014000,86154.97000000,0.01552000,86154.77000000,0.00008000,86154.10000000,0.00006000,86154.01000000,0.00014000,86154.00000000,0.01406000,86153.34000000,0.00014000,86153.33000000,0.01160000,86153.07000000,0.00014000,86155.05000000,0.70849000,86155.06000000,0.00012000,86155.07000000,0.00080000,86155.08000000,0.00026000,86155.11000000,0.00012000,86155.13000000,0.00006000,86155.14000000,0.00006000,86155.19000000,0.00006000,86155.38000000,0.00057000,86155.78000000,0.00012000
1741430418964,86155.04000000,3.56256000,86154.97000000,0.00006000,86154.77000000,0.00008000,86154.01000000,0.00014000,86154.00000000,0.01406000,86153.34000000,0.00014000,86153.33000000,0.01160000,86153.07000000,0.00014000,86153.06000000,0.01000000,86152.01000000,0.00014000,86155.05000000,0.70849000,86155.06000000,0.00012000,86155.07000000,0.00080000,86155.08000000,0.00026000,86155.11000000,0.00012000,86155.13000000,0.00019000,86155.14000000,0.00006000,86155.16000000,0.00019000,86155.38000000,0.00057000,86155.78000000,0.00012000
1741430420000,86156.00000000,4.50612000,86155.79000000,0.00014000,86155.78000000,0.59362000,86155.77000000,0.66950000,86155.07000000,0.00006000,86155.04000000,0.53468000,86154.96000000,0.00006000,86154.81000000,0.00010000,86154.76000000,0.76612000,86154.25000000,0.00006000,86156.01000000,0.41993000,86156.05000000,0.00026000,86156.11000000,0.00025000,86156.12000000,0.00012000,86156.15000000,0.00025000,86156.16000000,0.00006000,86156.17000000,0.00112000,86156.35000000,0.00020000,86156.36000000,0.04006000,86157.38000000,0.00242000
1741430421111,86156.00000000,3.12156000,86155.79000000,0.00014000,86155.78000000,0.13469000,86155.77000000,0.12890000,86155.07000000,0.00006000,86155.04000000,0.02464000,86154.96000000,0.00006000,86154.25000000,0.00006000,86154.00000000,0.01400000,86153.33000000,0.01160000,86156.01000000,1.73754000,86156.05000000,0.00040000,86156.07000000,0.00025000,86156.10000000,0.00012000,86156.11000000,0.00012000,86156.12000000,0.00006000,86156.14000000,0.00006000,86156.15000000,0.00006000,86156.17000000,0.00106000,86156.34000000,0.00014000
1741430421936,86156.00000000,1.28010000,86155.96000000,0.00014000,86155.94000000,0.00014000,86155.80000000,0.00014000,86155.79000000,0.03565000,86155.78000000,0.06506000,86155.77000000,0.00600000,86155.05000000,0.00006000,86155.04000000,0.02144000,86154.96000000,0.00006000,86156.01000000,2.63698000,86156.04000000,0.00026000,86156.05000000,0.00012000,86156.06000000,0.00012000,86156.07000000,0.00012000,86156.10000000,0.00006000,86156.11000000,0.00006000,86156.12000000,0.00006000,86156.17000000,0.00106000,86156.34000000,0.00014000
1741430423054,86156.00000000,0.67859000,86155.92000000,0.00014000,86155.88000000,0.00014000,86155.83000000,0.00006000,86155.78000000,0.00014000,86155.77000000,0.00600000,86155.05000000,0.00020000,86155.04000000,0.02138000,86154.96000000,0.00006000,86154.78000000,0.00059000,86156.01000000,4.19529000,86156.03000000,0.00026000,86156.04000000,0.00012000,86156.05000000,0.00012000,86156.06000000,0.00012000,86156.07000000,0.00006000,86156.10000000,0.00006000,86156.11000000,0.00006000,86156.17000000,0.00106000,86156.34000000,0.00014000
1741430423982,86156.00000000,0.67683000,86155.99000000,0.00014000,86155.92000000,0.00014000,86155.88000000,0.00014000,86155.83000000,0.00006000,86155.78000000,0.00014000,86155.77000000,0.00600000,86155.05000000,0.00020000,86155.04000000,0.02138000,86154.96000000,0.00006000,86156.01000000,4.19131000,86156.02000000,0.00026000,86156.03000000,0.00012000,86156.04000000,0.00012000,86156.05000000,0.00012000,86156.06000000,0.00006000,86156.07000000,0.00006000,86156.10000000,0.00006000,86156.17000000,0.00106000,86156.34000000,0.00014000
1741430425006,86156.00000000,1.11247000,86155.97000000,0.00014000,86155.94000000,0.00014000,86155.91000000,0.00014000,86155.78000000,0.00014000,86155.77000000,0.00600000,86155.06000000,0.00014000,86155.05000000,0.01496000,86155.04000000,0.02138000,86154.96000000,0.00122000,86156.01000000,3.67029000,86156.02000000,0.00012000,86156.03000000,0.00012000,86156.04000000,0.00012000,86156.05000000,0.00012000,86156.06000000,0.00006000,86156.07000000,0.00006000,86156.10000000,0.00006000,86156.17000000,0.00106000,86156.34000000,0.00014000
1741430426030,86156.00000000,1.24477000,86155.97000000,0.00014000,86155.95000000,0.00014000,86155.78000000,0.00014000,86155.77000000,0.00600000,86155.06000000,0.00014000,86155.05000000,0.01492000,86155.04000000,0.02138000,86154.96000000,0.00122000,86154.78000000,0.00059000,86156.01000000,3.24265000,86156.02000000,0.00012000,86156.03000000,0.00012000,86156.04000000,0.00012000,86156.05000000,0.00012000,86156.06000000,0.00006000,86156.07000000,0.00006000,86156.10000000,0.00006000,86156.17000000,0.00106000,86156.34000000,0.00014000
1741430426961,86156.00000000,1.23719000,86155.97000000,0.00014000,86155.96000000,0.00014000,86155.95000000,0.00013000,86155.78000000,0.00014000,86155.77000000,0.00600000,86155.06000000,0.00014000,86155.05000000,0.01492000,86155.04000000,0.02138000,86154.96000000,0.00006000,86156.01000000,2.48354000,86156.02000000,0.61695000,86156.03000000,0.00012000,86156.04000000,0.00012000,86156.05000000,0.00012000,86156.06000000,0.00006000,86156.07000000,0.00006000,86156.10000000,0.00006000,86156.17000000,0.00106000,86156.36000000,0.00006000
1741430427977,86156.00000000,1.23723000,86155.97000000,0.00027000,86155.95000000,0.00013000,86155.78000000,0.00014000,86155.77000000,0.00600000,86155.06000000,0.00014000,86155.05000000,0.01492000,86155.04000000,0.02138000,86154.96000000,0.00006000,86154.78000000,0.00059000,86156.01000000,2.04762000,86156.02000000,0.61695000,86156.03000000,0.00012000,86156.04000000,0.00012000,86156.05000000,0.00012000,86156.06000000,0.00006000,86156.07000000,0.00006000,86156.10000000,0.00006000,86156.17000000,0.00106000,86156.36000000,0.00006000
1741430428957,86156.00000000,1.27895000,86155.98000000,0.00014000,86155.82000000,0.00014000,86155.81000000,0.46950000,86155.77000000,0.00600000,86155.76000000,0.07350000,86155.75000000,0.10849000,86155.05000000,0.00006000,86155.04000000,0.02138000,86154.96000000,0.00006000,86156.01000000,2.20951000,86156.02000000,0.30195000,86156.03000000,0.00012000,86156.04000000,0.00012000,86156.05000000,0.00012000,86156.06000000,0.00006000,86156.07000000,0.00006000,86156.10000000,0.00006000,86156.14000000,0.01000000,86156.17000000,0.00106000
1741430429935,86156.00000000,1.23907000,86155.99000000,0.00014000,86155.98000000,0.19914000,86155.77000000,0.00600000,86155.75000000,0.10849000,86155.05000000,0.00006000,86155.04000000,0.02138000,86154.96000000,0.00006000,86154.78000000,0.00059000,86154.15000000,0.03000000,86156.01000000,2.21839000,86156.02000000,0.30195000,86156.03000000,0.00012000,86156.04000000,0.00012000,86156.05000000,0.00012000,86156.06000000,0.00006000,86156.07000000,0.00006000,86156.10000000,0.00006000,86156.14000000,0.01000000,86156.17000000,0.00106000
1741430431045,86156.00000000,3.54774000,86155.99000000,0.08075000,86155.77000000,0.00600000,86155.76000000,0.00014000,86155.75000000,0.10855000,86155.04000000,0.02144000,86155.01000000,0.04608000,86154.96000000,0.00006000,86154.78000000,0.00059000,86154.68000000,0.00010000,86156.01000000,0.18556000,86156.02000000,0.00026000,86156.03000000,0.00012000,86156.04000000,0.00012000,86156.05000000,0.00012000,86156.06000000,0.00006000,86156.07000000,0.00006000,86156.10000000,0.00006000,86156.11000000,0.00014000,86156.16000000,0.00013000
1741430432089,86157.96000000,5.45153000,86157.78000000,0.04207000,86156.25000000,0.01160000,86156.01000000,0.71581000,86156.00000000,1.80140000,86155.99000000,0.01013000,86155.77000000,0.00600000,86155.04000000,0.02144000,86155.01000000,0.04608000,86154.96000000,0.00006000,86157.97000000,0.03535000,86157.98000000,0.00051000,86157.99000000,0.00040000,86158.00000000,0.01432000,86158.05000000,0.00012000,86158.06000000,0.00020000,86158.07000000,0.01166000,86158.08000000,0.00019000,86158.13000000,0.00014000,86158.62000000,0.00008000
1741430432954,86157.96000000,5.45149000,86157.78000000,0.04207000,86156.42000000,0.01011000,86156.25000000,0.01160000,86156.01000000,0.71581000,86156.00000000,1.83563000,86155.99000000,0.01013000,86155.77000000,0.00600000,86155.04000000,0.02138000,86155.01000000,0.04600000,86157.97000000,0.03096000,86157.98000000,0.00051000,86157.99000000,0.00026000,86158.00000000,0.00012000,86158.01000000,0.00025000,86158.05000000,0.00006000,86158.06000000,0.00020000,86158.07000000,0.01166000,86158.08000000,0.00013000,86158.13000000,0.00014000
1741430434205,86157.96000000,1.27261000,86157.86000000,0.00013000,86156.43000000,0.00014000,86156.42000000,0.01011000,86156.26000000,0.00014000,86156.25000000,0.01160000,86156.01000000,0.00014000,86156.00000000,0.05854000,86155.99000000,0.01013000,86155.77000000,0.00600000,86157.97000000,6.40084000,86157.98000000,0.00051000,86157.99000000,0.00040000,86158.00000000,0.01432000,86158.01000000,0.00012000,86158.05000000,0.00006000,86158.06000000,0.00020000,86158.07000000,0.01166000,86158.13000000,0.00014000,86158.14000000,0.05970000
1741430435052,86157.96000000,1.33696000,86157.89000000,0.00013000,86157.85000000,0.00014000,86157.80000000,0.00008000,86156.43000000,0.00014000,86156.42000000,0.01011000,86156.26000000,0.00014000,86156.25000000,0.01160000,86156.02000000,0.00014000,86156.01000000,0.03670000,86157.97000000,5.76063000,86157.98000000,0.00051000,86157.99000000,0.00053000,86158.00000000,0.01418000,86158.01000000,0.00012000,86158.05000000,0.00006000,86158.06000000,0.00020000,86158.07000000,0.01166000,86158.13000000,0.00014000,86158.14000000,0.05970000
1741430436036,86157.96000000,2.96562000,86157.80000000,0.00008000,86157.01000000,0.00014000,86157.00000000,0.05225000,86156.70000000,0.00006000,86156.58000000,0.00010000,86156.25000000,0.01160000,86156.04000000,0.00014000,86156.03000000,0.26940000,86156.00000000,0.05558000,86157.97000000,0.96684000,86157.98000000,0.00051000,86157.99000000,0.00040000,86158.00000000,0.01432000,86158.01000000,0.00012000,86158.04000000,0.00019000,86158.05000000,0.00006000,86158.06000000,0.00020000,86158.07000000,0.01160000,86158.10000000,0.00014000
1741430436985,86157.96000000,2.83309000,86157.80000000,0.00008000,86157.02000000,0.00014000,86157.01000000,0.05182000,86157.00000000,0.05225000,86156.70000000,0.00006000,86156.58000000,0.00010000,86156.25000000,0.01160000,86156.20000000,0.00014000,86156.19000000,0.04947000,86157.97000000,0.92286000,86157.98000000,0.00051000,86157.99000000,0.00053000,86158.00000000,0.01418000,86158.01000000,0.00012000,86158.03000000,0.00019000,86158.04000000,0.00006000,86158.05000000,0.00006000,86158.06000000,0.00027000,86158.07000000,0.01160000
1741430438010,86157.96000000,1.85956000,86157.95000000,0.00041000,86157.80000000,0.00008000,86157.02000000,0.00014000,86157.01000000,0.05168000,86156.70000000,0.00006000,86156.25000000,0.01160000,86156.12000000,0.01013000,86156.03000000,0.00006000,86156.01000000,0.00014000,86157.97000000,1.85839000,86157.98000000,0.00091000,86157.99000000,0.00040000,86158.00000000,0.01418000,86158.01000000,0.00012000,86158.03000000,0.00006000,86158.04000000,0.00006000,86158.05000000,0.00006000,86158.06000000,0.00014000,86158.07000000,0.01160000
1741430438923,86157.96000000,1.84971000,86157.80000000,0.00008000,86157.02000000,0.00014000,86157.01000000,0.05168000,86156.70000000,0.00006000,86156.25000000,0.01160000,86156.12000000,0.01013000,86156.03000000,0.00006000,86156.01000000,0.00014000,86156.00000000,0.05558000,86157.97000000,1.88642000,86157.98000000,0.00064000,86157.99000000,0.00040000,86158.00000000,0.01431000,86158.01000000,0.00012000,86158.03000000,0.00006000,86158.04000000,0.00006000,86158.05000000,0.00006000,86158.06000000,0.00014000,86158.07000000,0.01160000
1741430439951,86157.96000000,2.92610000,86157.80000000,0.00008000,86157.02000000,0.00014000,86157.01000000,0.05168000,86156.70000000,0.00006000,86156.25000000,0.01160000,86156.03000000,0.00006000,86156.01000000,0.00014000,86156.00000000,0.05558000,86155.77000000,0.00600000,86157.97000000,0.75064000,86157.98000000,0.00051000,86157.99000000,0.00053000,86158.00000000,0.01418000,86158.01000000,0.00012000,86158.03000000,0.00020000,86158.04000000,0.00006000,86158.05000000,0.00006000,86158.06000000,0.00028000,86158.07000000,0.01160000
1741430441225,86161.89000000,4.63081000,86161.08000000,0.05810000,86161.03000000,0.00006000,86160.89000000,0.05810000,86160.82000000,0.46956000,86160.81000000,0.98657000,86160.79000000,0.45006000,86160.19000000,0.76613000,86160.18000000,0.01160000,86160.16000000,0.00006000,86161.90000000,0.01196000,86161.91000000,0.00018000,86161.92000000,0.00012000,86161.93000000,0.00026000,86162.01000000,0.00025000,86162.06000000,0.00019000,86162.75000000,0.00012000,86163.55000000,0.00045000,86163.56000000,0.00012000,86163.62000000,0.00006000
1741430441995,86161.98000000,3.86850000,86161.93000000,0.00014000,86161.92000000,0.46956000,86161.91000000,1.05312000,86161.89000000,0.50751000,86161.08000000,0.05810000,86161.03000000,0.00006000,86160.89000000,0.05810000,86160.19000000,0.76613000,86160.18000000,0.01160000,86161.99000000,0.00245000,86162.00000000,0.01418000,86162.01000000,0.00012000,86162.02000000,0.00012000,86162.03000000,0.00026000,86162.06000000,0.00006000,86162.10000000,0.00020000,86162.15000000,0.00019000,86163.56000000,0.00012000,86163.60000000,0.00014000
1741430443027,86161.98000000,1.78314000,86161.93000000,0.00014000,86161.92000000,0.46956000,86161.91000000,1.05312000,86161.89000000,0.05801000,86161.86000000,0.00051000,86161.08000000,0.05810000,86161.03000000,0.00006000,86160.89000000,0.05810000,86160.18000000,0.01160000,86161.99000000,1.45386000,86162.00000000,0.01424000,86162.01000000,0.00012000,86162.02000000,0.00012000,86162.03000000,0.00026000,86162.06000000,0.00006000,86162.10000000,0.00020000,86162.15000000,0.00019000,86162.28000000,0.76605000,86163.59000000,0.00039000
1741430444090,86161.98000000,0.73737000,86161.90000000,0.00014000,86161.89000000,0.00573000,86161.88000000,0.00065000,86161.03000000,0.00006000,86160.19000000,0.00014000,86160.18000000,0.01160000,86160.16000000,0.00036000,86160.15000000,0.09842000,86160.05000000,0.01006000,86161.99000000,3.38941000,86162.00000000,0.01418000,86162.01000000,0.00026000,86162.02000000,0.00012000,86162.03000000,0.00012000,86162.06000000,0.00006000,86162.10000000,0.00006000,86162.13000000,0.00020000,86162.14000000,0.04556000,86162.26000000,0.00014000
1741430444972,86161.98000000,0.77870000,86161.97000000,0.00014000,86161.90000000,0.00083000,86161.89000000,0.00560000,86161.87000000,0.00014000,86160.19000000,0.00014000,86160.18000000,0.01160000,86160.16000000,0.00036000,86160.15000000,0.09842000,86159.71000000,0.00032000,86161.99000000,4.03252000,86162.00000000,0.01431000,86162.01000000,0.00012000,86162.02000000,0.00012000,86162.03000000,0.00012000,86162.06000000,0.00006000,86162.10000000,0.00006000,86162.13000000,0.00020000,86162.14000000,0.04556000,86162.26000000,0.00014000
1741430445930,86161.98000000,0.77937000,86161.96000000,0.00013000,86161.93000000,0.00054000,86161.92000000,0.00014000,86161.91000000,0.00474000,86161.90000000,0.00028000,86161.89000000,0.00560000,86161.87000000,0.00014000,86160.19000000,0.00014000,86160.18000000,0.01160000,86161.99000000,3.97044000,86162.00000000,0.01418000,86162.01000000,0.00012000,86162.02000000,0.00012000,86162.03000000,0.00012000,86162.06000000,0.00006000,86162.10000000,0.00006000,86162.13000000,0.00020000,86162.14000000,0.04556000,86162.26000000,0.00014000
1741430446989,86161.98000000,0.77937000,86161.95000000,0.00013000,86161.94000000,0.00052000,86161.93000000,0.00008000,86161.92000000,0.00014000,86161.91000000,0.00487000,86161.90000000,0.00014000,86161.89000000,0.00560000,86161.87000000,0.00014000,86160.19000000,0.00014000,86161.99000000,3.62154000,86162.00000000,0.01418000,86162.01000000,0.00012000,86162.02000000,0.00012000,86162.03000000,0.00012000,86162.06000000,0.00006000,86162.10000000,0.00006000,86162.13000000,0.00020000,86162.14000000,0.04556000,86162.26000000,0.00014000
1741430447978,86161.98000000,1.81241000,86161.95000000,0.00052000,86161.94000000,0.00013000,86161.92000000,0.00014000,86161.91000000,0.00474000,86161.90000000,0.00014000,86161.89000000,0.00560000,86160.19000000,0.00014000,86160.18000000,0.01160000,86160.17000000,0.00014000,86161.99000000,1.55837000,86162.00000000,0.01418000,86162.01000000,0.00025000,86162.02000000,0.00012000,86162.03000000,0.00012000,86162.06000000,0.00006000,86162.10000000,0.00006000,86162.13000000,0.00020000,86162.14000000,0.04550000,86162.26000000,0.00014000
1741430448945,86161.98000000,1.21411000,86161.95000000,0.00052000,86161.94000000,0.00013000,86161.93000000,0.00014000,86161.92000000,0.00014000,86161.91000000,0.00487000,86161.90000000,0.00014000,86161.89000000,0.00560000,86161.00000000,0.00008000,86160.19000000,0.00014000,86161.99000000,2.67859000,86162.00000000,0.01418000,86162.01000000,0.00012000,86162.02000000,0.00012000,86162.03000000,0.00026000,86162.04000000,0.49999000,86162.05000000,0.76611000,86162.06000000,0.00006000,86162.14000000,0.04550000,86162.28000000,0.00006000
1741430449922,86161.98000000,1.18714000,86161.95000000,0.00052000,86161.94000000,0.00013000,86161.93000000,0.00014000,86161.92000000,0.00014000,86161.91000000,0.00487000,86161.90000000,0.00014000,86161.89000000,0.00560000,86161.00000000,0.00008000,86160.19000000,0.00014000,86161.99000000,2.94198000,86162.00000000,0.01418000,86162.01000000,0.00012000,86162.02000000,0.00012000,86162.03000000,0.00026000,86162.04000000,0.49999000,86162.05000000,0.76611000,86162.06000000,0.00006000,86162.14000000,0.04550000,86162.28000000,0.00006000
1741430450961,86161.98000000,1.91479000,86161.95000000,0.00066000,86161.92000000,0.00014000,86161.91000000,0.00474000,86161.90000000,0.00014000,86161.89000000,0.00560000,86161.09000000,0.00014000,86161.08000000,0.05804000,86160.90000000,0.00014000,86160.89000000,0.05804000,86161.99000000,1.54067000,86162.00000000,0.01412000,86162.01000000,0.00012000,86162.02000000,0.00026000,86162.03000000,0.00012000,86162.04000000,0.00024000,86162.05000000,0.00006000,86162.06000000,0.00019000,86162.22000000,0.00014000,86162.23000000,0.04670000
1741430451977,86161.98000000,0.41704000,86161.95000000,0.00066000,86161.92000000,0.00014000,86161.91000000,0.00474000,86161.90000000,0.00028000,86161.89000000,0.00566000,86161.85000000,0.00013000,86160.19000000,0.00014000,86160.18000000,0.01160000,86160.16000000,0.00036000,86161.99000000,3.64522000,86162.00000000,0.01412000,86162.01000000,0.00012000,86162.02000000,0.00012000,86162.03000000,0.00012000,86162.04000000,0.00024000,86162.05000000,0.00006000,86162.06000000,0.00006000,86162.22000000,0.00014000,86162.23000000,0.04670000
1741430452945,86161.98000000,0.50086000,86161.95000000,0.00066000,86161.92000000,0.00014000,86161.91000000,0.00474000,86161.90000000,0.00014000,86161.89000000,0.00579000,86161.86000000,0.00014000,86160.19000000,0.00014000,86160.18000000,0.01160000,86160.16000000,0.00036000,86161.99000000,3.65766000,86162.00000000,0.01412000,86162.01000000,0.00012000,86162.02000000,0.00012000,86162.03000000,0.00012000,86162.04000000,0.00024000,86162.05000000,0.00006000,86162.06000000,0.00006000,86162.22000000,0.00014000,86162.23000000,0.04670000
1741430453983,86161.98000000,0.53582000,86161.97000000,0.01991000,86161.96000000,0.00054000,86161.94000000,0.00013000,86161.92000000,0.00014000,86161.91000000,0.00474000,86161.90000000,0.00013000,86161.89000000,0.00566000,86161.86000000,0.00014000,86160.19000000,0.00014000,86161.99000000,3.65648000,86162.00000000,0.01412000,86162.01000000,0.00012000,86162.02000000,0.00012000,86162.03000000,0.00012000,86162.04000000,0.00024000,86162.05000000,0.00006000,86162.06000000,0.00006000,86162.22000000,0.00014000,86162.23000000,0.04670000
1741430455006,86161.98000000,0.52502000,86161.97000000,0.03509000,86161.96000000,0.00054000,86161.94000000,0.00013000,86161.91000000,0.00474000,86161.90000000,0.00013000,86161.89000000,0.00566000,86161.86000000,0.00014000,86160.19000000,0.00014000,86160.18000000,0.01160000,86161.99000000,3.65786000,86162.00000000,0.01412000,86162.01000000,0.00012000,86162.02000000,0.00012000,86162.03000000,0.00012000,86162.04000000,0.00024000,86162.05000000,0.00006000,86162.06000000,0.00006000,86162.22000000,0.00014000,86162.23000000,0.04670000
1741430456030,86161.98000000,0.59614000,86161.97000000,0.03563000,86161.94000000,0.00013000,86161.91000000,0.00474000,86161.90000000,0.00013000,86161.89000000,0.00560000,86161.86000000,0.00014000,86161.07000000,0.00008000,86160.19000000,0.00014000,86160.18000000,0.01160000,86161.99000000,3.57237000,86162.00000000,0.01412000,86162.01000000,0.00012000,86162.02000000,0.00012000,86162.03000000,0.00012000,86162.04000000,0.00024000,86162.05000000,0.00006000,86162.06000000,0.00006000,86162.22000000,0.00014000,86162.23000000,0.04670000
1741430456992,86161.98000000,0.05290000,86161.97000000,0.03515000,86161.93000000,0.00013000,86161.89000000,0.00566000,86161.87000000,0.00013000,86161.82000000,0.00014000,86161.03000000,0.00006000,86160.19000000,0.00014000,86160.18000000,0.01160000,86160.16000000,0.00036000,86161.99000000,3.44438000,86162.00000000,0.01892000,86162.01000000,0.00012000,86162.02000000,0.00012000,86162.03000000,0.00012000,86162.04000000,0.00024000,86162.05000000,0.00006000,86162.06000000,0.00006000,86162.22000000,0.00014000,86162.23000000,0.04676000
1741430457976,86161.98000000,0.05173000,86161.97000000,0.03515000,86161.93000000,0.00013000,86161.89000000,0.00566000,86161.87000000,0.00013000,86161.82000000,0.00014000,86161.03000000,0.00006000,86160.19000000,0.00014000,86160.18000000,0.01160000,86160.16000000,0.00036000,86161.99000000,3.44363000,86162.00000000,0.01892000,86162.01000000,0.00012000,86162.02000000,0.00012000,86162.03000000,0.00012000,86162.04000000,0.00024000,86162.05000000,0.00006000,86162.06000000,0.00006000,86162.22000000,0.00014000,86162.23000000,0.04676000
1741430458949,86161.98000000,0.04954000,86161.97000000,0.03515000,86161.93000000,0.00013000,86161.89000000,0.00566000,86160.19000000,0.00014000,86160.18000000,0.01160000,86160.17000000,0.00014000,86160.16000000,0.01360000,86160.15000000,0.09726000,86159.71000000,0.00018000,86161.99000000,3.44368000,86162.00000000,0.01892000,86162.01000000,0.00012000,86162.02000000,0.00012000,86162.03000000,0.00012000,86162.04000000,0.00024000,86162.05000000,0.00006000,86162.06000000,0.00006000,86162.22000000,0.00014000,86162.23000000,0.04676000
1741430460011,86161.98000000,0.05409000,86161.97000000,0.03515000,86161.92000000,0.00014000,86161.89000000,0.00566000,86161.87000000,0.00013000,86161.82000000,0.00014000,86161.03000000,0.00006000,86161.00000000,0.00132000,86160.19000000,0.00014000,86160.18000000,0.01160000,86161.99000000,3.38481000,86162.00000000,0.01892000,86162.01000000,0.00012000,86162.02000000,0.00012000,86162.03000000,0.00012000,86162.04000000,0.00024000,86162.05000000,0.00006000,86162.06000000,0.00006000,86162.22000000,0.00014000,86162.23000000,0.04676000
1741430460945,86161.98000000,0.05437000,86161.97000000,0.03515000,86161.92000000,0.00014000,86161.89000000,0.00566000,86161.87000000,0.00014000,86161.00000000,0.00132000,86160.19000000,0.00014000,86160.18000000,0.01160000,86160.16000000,0.01360000,86160.15000000,0.09726000,86161.99000000,3.35925000,86162.00000000,0.01892000,86162.01000000,0.00012000,86162.02000000,0.00012000,86162.03000000,0.00012000,86162.04000000,0.00024000,86162.05000000,0.00006000,86162.06000000,0.00006000,86162.22000000,0.00014000,86162.23000000,0.04676000
1741430462065,86161.98000000,0.26901000,86161.97000000,0.03515000,86161.92000000,0.00014000,86161.89000000,0.00560000,86161.88000000,0.00014000,86161.84000000,0.00014000,86161.03000000,0.00006000,86161.00000000,0.00132000,86160.19000000,0.00014000,86160.18000000,0.01160000,86161.99000000,3.35750000,86162.00000000,0.01892000,86162.01000000,0.00012000,86162.02000000,0.00012000,86162.03000000,0.00012000,86162.04000000,0.00024000,86162.05000000,0.00006000,86162.06000000,0.00006000,86162.22000000,0.00014000,86162.23000000,0.04676000
1741430462994,86161.98000000,0.26436000,86161.97000000,0.03515000,86161.92000000,0.00014000,86161.89000000,0.00573000,86161.84000000,0.00014000,86161.00000000,0.00132000,86160.19000000,0.00014000,86160.18000000,0.01160000,86160.16000000,0.01360000,86160.15000000,0.09726000,86161.99000000,3.00867000,86162.00000000,0.01892000,86162.01000000,0.00012000,86162.02000000,0.00012000,86162.03000000,0.00012000,86162.04000000,0.00024000,86162.05000000,0.00006000,86162.06000000,0.00006000,86162.22000000,0.00014000,86162.23000000,0.04676000
1741430463957,86161.98000000,1.03003000,86161.97000000,0.03515000,86161.93000000,0.00014000,86161.92000000,0.00014000,86161.90000000,0.00014000,86161.89000000,0.00560000,86161.17000000,0.00008000,86161.00000000,0.00132000,86160.19000000,0.00014000,86160.18000000,0.01160000,86161.99000000,3.00499000,86162.00000000,0.01892000,86162.01000000,0.00012000,86162.02000000,0.00012000,86162.03000000,0.00012000,86162.04000000,0.00024000,86162.05000000,0.00006000,86162.06000000,0.00006000,86162.22000000,0.00014000,86162.23000000,0.04676000
1741430464954,86161.98000000,1.03003000,86161.97000000,0.03515000,86161.94000000,0.00014000,86161.92000000,0.00014000,86161.90000000,0.00014000,86161.89000000,0.00560000,86161.17000000,0.00008000,86161.00000000,0.00132000,86160.19000000,0.00014000,86160.18000000,0.01160000,86161.99000000,3.00501000,86162.00000000,0.01892000,86162.01000000,0.00012000,86162.02000000,0.00012000,86162.03000000,0.00012000,86162.04000000,0.00024000,86162.05000000,0.00006000,86162.06000000,0.00006000,86162.22000000,0.00014000,86162.23000000,0.04676000
1741430466085,86161.98000000,1.65707000,86161.97000000,0.03515000,86161.95000000,0.00013000,86161.89000000,0.00560000,86161.17000000,0.00008000,86161.00000000,0.00132000,86160.19000000,0.00014000,86160.18000000,0.17652000,86160.16000000,0.01346000,86160.15000000,0.09726000,86161.99000000,1.38573000,86162.00000000,0.01892000,86162.01000000,0.00039000,86162.02000000,0.00026000,86162.03000000,0.46962000,86162.04000000,0.00024000,86162.05000000,0.00006000,86162.06000000,0.00006000,86162.23000000,0.04676000,86162.37000000,0.47673000
1741430466987,86161.98000000,1.66344000,86161.97000000,0.03515000,86161.95000000,0.00013000,86161.89000000,0.00560000,86161.17000000,0.00008000,86161.00000000,0.00132000,86160.19000000,0.00014000,86160.18000000,0.17652000,86160.16000000,0.01346000,86160.15000000,0.09726000,86161.99000000,1.38345000,86162.00000000,0.01892000,86162.01000000,0.00039000,86162.02000000,0.00026000,86162.03000000,0.46962000,86162.04000000,0.00024000,86162.05000000,0.00006000,86162.06000000,0.00006000,86162.23000000,0.04676000,86162.37000000,0.47673000
1741430468083,86161.98000000,2.62918000,86161.97000000,0.03528000,86161.89000000,0.00560000,86161.54000000,0.00014000,86161.53000000,0.05913000,86161.17000000,0.00008000,86161.03000000,0.00006000,86161.00000000,0.00132000,86160.52000000,0.00014000,86160.51000000,0.04700000,86161.99000000,1.10097000,86162.00000000,0.01906000,86162.01000000,0.00012000,86162.02000000,0.00012000,86162.03000000,0.00012000,86162.04000000,0.00037000,86162.05000000,0.00006000,86162.06000000,0.00006000,86162.22000000,0.00014000,86162.23000000,0.04676000
1741430469021,86161.98000000,1.61357000,86161.97000000,0.03528000,86161.89000000,0.00560000,86161.17000000,0.00008000,86161.00000000,0.00132000,86160.87000000,0.00014000,86160.86000000,0.03000000,86160.51000000,0.00006000,86160.18000000,0.01160000,86160.17000000,0.00014000,86161.99000000,3.00777000,86162.00000000,0.01906000,86162.01000000,0.00012000,86162.02000000,0.00012000,86162.03000000,0.00012000,86162.04000000,0.00024000,86162.05000000,0.00006000,86162.22000000,0.00020000,86162.23000000,0.04676000,86162.36000000,0.00014000
1741430469956,86161.98000000,1.62722000,86161.97000000,0.03760000,86161.95000000,0.00014000,86161.94000000,0.00014000,86161.89000000,0.00560000,86161.17000000,0.00008000,86161.00000000,0.00132000,86160.87000000,0.00014000,86160.86000000,0.03000000,86160.51000000,0.00006000,86161.99000000,2.31052000,86162.00000000,0.01906000,86162.01000000,0.00012000,86162.02000000,0.00012000,86162.03000000,0.00012000,86162.04000000,0.00024000,86162.05000000,0.00006000,86162.22000000,0.00020000,86162.23000000,0.04676000,86162.36000000,0.00014000
1741430471083,86161.98000000,0.58882000,86161.97000000,0.03760000,86161.92000000,0.00014000,86161.89000000,0.00580000,86161.00000000,0.00132000,86160.19000000,0.00014000,86160.18000000,0.01160000,86160.16000000,0.01360000,86160.15000000,0.09726000,86159.71000000,0.00018000,86161.99000000,3.02615000,86162.00000000,0.01906000,86162.01000000,0.00012000,86162.02000000,0.00012000,86162.03000000,0.00012000,86162.04000000,0.00024000,86162.05000000,0.00006000,86162.22000000,0.00020000,86162.23000000,0.04676000,86162.36000000,0.00014000
1741430472139,86161.97000000,0.03530000,86161.94000000,0.00013000,86161.90000000,0.00014000,86161.89000000,0.00566000,86161.86000000,0.00013000,86161.81000000,0.00014000,86161.03000000,0.00006000,86161.00000000,0.00132000,86160.19000000,0.00014000,86160.18000000,0.01160000,86161.98000000,6.93703000,86161.99000000,2.20556000,86162.00000000,0.01892000,86162.01000000,0.00012000,86162.02000000,0.00012000,86162.03000000,0.00006000,86162.04000000,0.00006000,86162.05000000,0.00006000,86162.23000000,0.04676000,86162.58000000,0.10374000
1741430473568,86156.26000000,0.01183000,86156.22000000,0.00014000,86156.15000000,0.00014000,86156.10000000,0.00014000,86155.83000000,0.00006000,86155.07000000,0.00018000,86155.06000000,0.00014000,86155.05000000,0.01044000,86154.96000000,0.00006000,86154.29000000,0.00006000,86156.27000000,8.12690000,86156.28000000,0.15322000,86156.44000000,0.78495000,86156.45000000,0.76622000,86156.46000000,1.28965000,86156.47000000,0.00006000,86156.52000000,0.00006000,86157.68000000,0.00006000,86157.96000000,0.00021000,86157.97000000,0.00006000
1741430474059,86156.26000000,0.30610000,86156.21000000,0.00013000,86156.16000000,0.00014000,86156.11000000,0.00013000,86155.83000000,0.00006000,86155.07000000,0.00018000,86155.06000000,0.00014000,86155.05000000,0.01044000,86154.96000000,0.00006000,86154.56000000,0.00014000,86156.27000000,8.11384000,86156.28000000,0.15328000,86156.43000000,0.00026000,86156.44000000,0.78501000,86156.45000000,0.76628000,86156.46000000,0.50602000,86156.47000000,0.00006000,86157.68000000,0.00012000,86157.96000000,0.00021000,86157.98000000,0.26593000
1741430474940,86156.26000000,0.41651000,86156.21000000,0.00013000,86156.16000000,0.00014000,86156.11000000,0.00013000,86155.07000000,0.00018000,86155.06000000,0.00014000,86155.05000000,0.01044000,86154.96000000,0.00006000,86154.56000000,0.00014000,86154.55000000,0.01160000,86156.27000000,8.11374000,86156.28000000,0.15328000,86156.43000000,0.00026000,86156.44000000,0.78501000,86156.45000000,0.76628000,86156.46000000,0.50602000,86156.47000000,0.00006000,86157.68000000,0.00012000,86157.96000000,0.00021000,86157.98000000,0.26593000
1741430475941,86156.26000000,0.34307000,86156.20000000,0.00014000,86156.16000000,0.00014000,86156.11000000,0.00013000,86155.83000000,0.00006000,86155.07000000,0.00018000,86155.06000000,0.00014000,86155.05000000,0.01044000,86154.96000000,0.00006000,86154.56000000,0.00014000,86156.27000000,8.11374000,86156.28000000,0.15328000,86156.43000000,0.00026000,86156.44000000,0.78501000,86156.45000000,0.76628000,86156.46000000,0.50602000,86156.47000000,0.00006000,86157.68000000,0.00012000,86157.96000000,0.00021000,86157.98000000,0.26593000
1741430476980,86156.26000000,1.86765000,86156.21000000,0.00014000,86156.20000000,0.00013000,86156.17000000,0.00014000,86156.01000000,0.00014000,86156.00000000,0.01400000,86155.07000000,0.00018000,86155.06000000,0.00014000,86155.05000000,0.01044000,86154.96000000,0.00006000,86156.27000000,6.20367000,86156.28000000,0.15328000,86156.43000000,0.00026000,86156.44000000,0.78501000,86156.45000000,0.76628000,86156.46000000,0.48281000,86156.47000000,0.00006000,86157.68000000,0.00012000,86157.96000000,0.00021000,86157.98000000,0.26593000
1741430477987,86156.26000000,1.18029000,86156.21000000,0.00013000,86156.18000000,0.00013000,86156.15000000,0.00014000,86156.01000000,0.00014000,86156.00000000,0.01400000,86155.61000000,0.00008000,86155.07000000,0.00018000,86155.06000000,0.00014000,86155.05000000,0.01044000,86156.27000000,6.20266000,86156.28000000,0.15328000,86156.43000000,0.00026000,86156.44000000,0.78501000,86156.45000000,0.76628000,86156.46000000,0.48281000,86156.47000000,0.00006000,86156.78000000,0.02327000,86157.55000000,0.00006000,86157.68000000,0.00006000
1741430478940,86156.26000000,1.29577000,86156.21000000,0.00013000,86156.18000000,0.00013000,86156.15000000,0.00014000,86156.01000000,0.00014000,86156.00000000,0.01400000,86155.07000000,0.00018000,86155.06000000,0.00014000,86155.05000000,0.01044000,86154.96000000,0.00006000,86156.27000000,6.20324000,86156.28000000,0.15328000,86156.43000000,0.00026000,86156.44000000,0.78501000,86156.45000000,0.76628000,86156.46000000,0.48281000,86156.47000000,0.00006000,86156.78000000,0.02327000,86157.55000000,0.00006000,86157.68000000,0.00006000
1741430479942,86156.26000000,1.26943000,86156.21000000,0.00013000,86156.18000000,0.00013000,86156.15000000,0.00014000,86156.01000000,0.00014000,86156.00000000,0.01400000,86155.07000000,0.00018000,86155.06000000,0.00014000,86155.05000000,0.01044000,86154.96000000,0.00006000,86156.27000000,6.63766000,86156.28000000,0.15328000,86156.43000000,0.00026000,86156.44000000,0.78501000,86156.45000000,0.76628000,86156.46000000,0.48281000,86156.47000000,0.00006000,86156.78000000,0.02327000,86156.84000000,0.08545000,86157.55000000,0.00006000
1741430480940,86156.26000000,1.26562000,86156.21000000,0.00013000,86156.18000000,0.00013000,86156.15000000,0.00014000,86156.01000000,0.00014000,86156.00000000,0.01400000,86155.07000000,0.00018000,86155.06000000,0.00014000,86155.05000000,0.01044000,86154.96000000,0.00006000,86156.27000000,6.55943000,86156.28000000,0.15328000,86156.43000000,0.00026000,86156.44000000,0.78501000,86156.45000000,0.76628000,86156.46000000,0.48281000,86156.47000000,0.00006000,86156.78000000,0.02327000,86156.84000000,0.08545000,86157.55000000,0.00006000
1741430481980,86156.26000000,1.32110000,86156.22000000,0.00014000,86156.19000000,0.00014000,86156.15000000,0.00014000,86156.01000000,0.00014000,86156.00000000,0.01400000,86155.07000000,0.00018000,86155.06000000,0.00014000,86155.05000000,0.01044000,86154.96000000,0.00006000,86156.27000000,6.27024000,86156.28000000,0.15328000,86156.43000000,0.00026000,86156.44000000,0.78501000,86156.45000000,0.76628000,86156.46000000,0.48281000,86156.47000000,0.00006000,86156.78000000,0.00006000,86156.79000000,0.02321000,86157.55000000,0.00006000
1741430482940,86156.26000000,1.32553000,86156.22000000,0.00014000,86156.18000000,0.00013000,86156.15000000,0.00014000,86156.01000000,0.00014000,86156.00000000,0.01400000,86155.07000000,0.00018000,86155.06000000,0.00014000,86155.05000000,0.01044000,86154.96000000,0.00006000,86156.27000000,6.27139000,86156.28000000,0.15328000,86156.43000000,0.00026000,86156.44000000,0.78501000,86156.45000000,0.76628000,86156.46000000,0.48281000,86156.47000000,0.00006000,86156.78000000,0.00006000,86156.79000000,0.02321000,86157.55000000,0.00006000
1741430484027,86156.26000000,1.31720000,86156.22000000,0.00014000,86156.19000000,0.00014000,86156.16000000,0.00013000,86156.01000000,0.00014000,86156.00000000,0.01400000,86155.93000000,0.00008000,86155.07000000,0.00018000,86155.06000000,0.00014000,86155.05000000,0.01044000,86156.27000000,5.23899000,86156.28000000,0.15328000,86156.43000000,0.00026000,86156.44000000,0.78501000,86156.45000000,0.76628000,86156.46000000,0.48281000,86156.47000000,0.00006000,86156.78000000,0.00006000,86156.79000000,0.02321000,86157.55000000,0.00006000
1741430484941,86156.26000000,1.31163000,86156.22000000,0.00014000,86156.19000000,0.00014000,86156.16000000,0.00013000,86156.01000000,0.00014000,86156.00000000,0.01400000,86155.93000000,0.00008000,86155.07000000,0.00018000,86155.06000000,0.00014000,86155.05000000,0.01044000,86156.27000000,5.23977000,86156.28000000,0.15328000,86156.43000000,0.00026000,86156.44000000,0.78501000,86156.45000000,0.76628000,86156.46000000,0.48281000,86156.47000000,0.00006000,86156.78000000,0.00006000,86156.79000000,0.02321000,86157.55000000,0.00006000
1741430486059,86156.26000000,1.38164000,86156.22000000,0.00027000,86156.21000000,0.00013000,86156.01000000,0.00014000,86156.00000000,0.01406000,86155.93000000,0.00008000,86155.07000000,0.00018000,86155.06000000,0.00014000,86155.05000000,0.01044000,86154.96000000,0.00006000,86156.27000000,2.50170000,86156.28000000,0.12308000,86156.43000000,0.00026000,86156.44000000,0.25629000,86156.45000000,0.76628000,86156.46000000,0.03281000,86156.68000000,0.00006000,86156.69000000,0.00012000,86157.68000000,0.00006000,86157.73000000,0.00018000
1741430486943,86156.26000000,1.40671000,86156.22000000,0.00027000,86156.21000000,0.00013000,86156.01000000,0.00014000,86156.00000000,0.01406000,86155.93000000,0.00008000,86155.07000000,0.00018000,86155.06000000,0.00014000,86155.05000000,0.01044000,86154.96000000,0.00006000,86156.27000000,2.50162000,86156.28000000,0.12308000,86156.43000000,0.00026000,86156.44000000,0.25629000,86156.45000000,0.76628000,86156.46000000,0.03281000,86156.68000000,0.00006000,86156.69000000,0.00012000,86157.68000000,0.00006000,86157.73000000,0.00018000
1741430487941,86156.26000000,1.40671000,86156.23000000,0.00014000,86156.22000000,0.00013000,86156.21000000,0.00013000,86156.01000000,0.00014000,86156.00000000,0.01406000,86155.93000000,0.00008000,86155.07000000,0.00018000,86155.06000000,0.00014000,86155.05000000,0.01044000,86156.27000000,2.49779000,86156.28000000,0.12308000,86156.43000000,0.00026000,86156.44000000,0.25629000,86156.45000000,0.76628000,86156.46000000,0.03281000,86156.68000000,0.00006000,86156.69000000,0.00012000,86157.68000000,0.00006000,86157.73000000,0.00018000
1741430488999,86156.26000000,2.04290000,86156.25000000,0.00026000,86156.24000000,0.00013000,86156.01000000,0.00014000,86156.00000000,0.01406000,86155.93000000,0.00008000,86155.07000000,0.00018000,86155.06000000,0.00014000,86155.05000000,0.01044000,86154.96000000,0.00006000,86156.27000000,2.08416000,86156.28000000,0.12334000,86156.43000000,0.00026000,86156.44000000,0.25629000,86156.45000000,0.76628000,86156.46000000,0.03281000,86156.68000000,0.00006000,86156.69000000,0.00012000,86157.68000000,0.00006000,86157.73000000,0.00018000
1741430490060,86156.26000000,0.69704000,86156.24000000,0.00013000,86156.14000000,0.00013000,86155.07000000,0.00018000,86155.06000000,0.00014000,86155.05000000,0.01044000,86154.96000000,0.00006000,86154.65000000,0.00030000,86154.64000000,0.09186000,86154.55000000,0.01160000,86156.27000000,3.23600000,86156.28000000,0.12308000,86156.43000000,0.00026000,86156.44000000,0.35342000,86156.45000000,0.76628000,86156.46000000,0.03281000,86156.68000000,0.00006000,86156.69000000,0.00012000,86157.20000000,0.08551000,86157.55000000,0.00006000
1741430490941,86156.26000000,2.19558000,86156.24000000,0.00013000,86156.22000000,0.00013000,86156.21000000,0.00014000,86156.01000000,0.00014000,86156.00000000,0.01400000,86155.07000000,0.00018000,86155.06000000,0.00014000,86155.05000000,0.01044000,86154.96000000,0.00006000,86156.27000000,3.61229000,86156.28000000,0.12308000,86156.43000000,0.00026000,86156.44000000,0.35342000,86156.45000000,0.76628000,86156.46000000,0.03275000,86156.68000000,0.00006000,86156.69000000,0.00012000,86156.80000000,0.02321000,86157.20000000,0.00006000
1741430491975,86156.26000000,1.50166000,86156.24000000,0.00013000,86156.21000000,0.00014000,86156.19000000,0.00013000,86156.01000000,0.00014000,86156.00000000,0.01400000,86155.32000000,0.00014000,86155.31000000,0.03000000,86155.05000000,0.01044000,86154.96000000,0.00006000,86156.27000000,3.43921000,86156.28000000,0.12308000,86156.43000000,0.00026000,86156.44000000,0.35342000,86156.45000000,0.76628000,86156.46000000,0.03275000,86156.68000000,0.00006000,86156.69000000,0.00012000,86156.80000000,0.02321000,86157.20000000,0.00006000
1741430493198,86156.26000000,2.98851000,86156.25000000,0.00013000,86156.19000000,0.00016000,86156.01000000,0.00014000,86156.00000000,0.01406000,86155.92000000,0.00008000,86155.33000000,0.00014000,86155.32000000,0.27147000,86155.31000000,0.03000000,86155.05000000,0.01044000,86156.27000000,0.51965000,86156.28000000,0.00026000,86156.35000000,0.00025000,86156.36000000,0.00012000,86156.37000000,0.00012000,86156.39000000,0.00019000,86156.40000000,0.00006000,86156.41000000,0.00006000,86156.45000000,0.00014000,86156.46000000,0.02267000
1741430493973,86156.26000000,3.03809000,86156.19000000,0.00016000,86156.01000000,0.00014000,86156.00000000,0.01406000,86155.92000000,0.00008000,86155.33000000,0.00014000,86155.32000000,0.07461000,86155.31000000,0.03000000,86155.05000000,0.01044000,86154.96000000,0.00006000,86156.27000000,0.34926000,86156.28000000,0.00012000,86156.29000000,0.00025000,86156.35000000,0.00012000,86156.36000000,0.00025000,86156.37000000,0.00006000,86156.39000000,0.00006000,86156.45000000,0.00020000,86156.46000000,0.02267000,86156.59000000,0.00008000
1741430494973,86156.26000000,3.23344000,86156.19000000,0.00016000,86156.01000000,0.00014000,86156.00000000,0.01406000,86155.92000000,0.00008000,86155.33000000,0.00014000,86155.32000000,0.05230000,86155.31000000,0.03000000,86155.05000000,0.01044000,86154.96000000,0.00006000,86156.27000000,0.20606000,86156.28000000,0.00012000,86156.29000000,0.00025000,86156.35000000,0.00012000,86156.36000000,0.00025000,86156.37000000,0.00006000,86156.41000000,0.00019000,86156.45000000,0.00020000,86156.46000000,0.02267000,86156.59000000,0.00008000
1741430496008,86157.76000000,3.16554000,86157.45000000,0.00006000,86157.38000000,0.00010000,86156.46000000,0.00014000,86156.45000000,0.10644000,86156.31000000,0.00014000,86156.30000000,0.79688000,86156.27000000,0.10662000,86156.26000000,1.37330000,86156.19000000,0.00016000,86157.77000000,0.23485000,86157.78000000,0.00012000,86157.81000000,0.00026000,86157.87000000,0.00026000,86157.91000000,0.00026000,86157.99000000,0.00020000,86158.00000000,0.01412000,86158.02000000,0.00020000,86158.03000000,0.04006000,86159.10000000,0.00100000
1741430496976,86157.76000000,3.64739000,86157.45000000,0.00006000,86157.38000000,0.00010000,86156.46000000,0.00014000,86156.45000000,0.10644000,86156.33000000,0.00014000,86156.32000000,0.41516000,86156.27000000,0.10662000,86156.26000000,1.02365000,86156.19000000,0.00016000,86157.77000000,0.28400000,86157.78000000,0.00012000,86157.81000000,0.00012000,86157.82000000,0.00026000,86157.86000000,0.00012000,86157.87000000,0.00019000,86157.90000000,0.00006000,86157.91000000,0.00019000,86157.99000000,0.00014000,86158.00000000,0.01406000
1741430498542,86167.99000000,5.56347000,86167.80000000,0.04182000,86167.79000000,0.00006000,86167.75000000,0.00105000,86167.00000000,0.25652000,86166.98000000,0.21350000,86166.28000000,0.01160000,86166.23000000,0.01009000,86166.10000000,0.00006000,86166.08000000,0.05505000,86168.00000000,0.21824000,86168.01000000,0.00012000,86168.05000000,0.00025000,86168.11000000,0.00026000,86168.13000000,0.00012000,86168.16000000,0.00019000,86168.31000000,0.00036000,86168.36000000,0.00006000,86169.18000000,0.00008000,86169.40000000,0.00100000
1741430499052,86167.99000000,1.79445000,86167.94000000,0.00013000,86167.93000000,0.00013000,86167.79000000,0.00053000,86167.09000000,0.00006000,86166.31000000,0.00014000,86166.30000000,0.01161000,86166.29000000,0.00020000,86166.28000000,0.01160000,86166.24000000,0.00014000,86168.00000000,3.83840000,86168.01000000,0.00012000,86168.02000000,0.00012000,86168.03000000,0.00025000,86168.04000000,0.00012000,86168.05000000,0.00006000,86168.08000000,0.00020000,86168.09000000,0.01006000,86168.17000000,0.00008000,86168.31000000,0.00030000
1741430499992,86167.99000000,3.28577000,86167.80000000,0.00058000,86167.79000000,0.00008000,86167.23000000,0.00010000,86167.09000000,0.00006000,86166.69000000,0.00014000,86166.68000000,0.24183000,86166.29000000,0.00006000,86166.28000000,0.01160000,86166.23000000,0.00006000,86168.00000000,0.36418000,86168.01000000,0.00012000,86168.02000000,0.00012000,86168.03000000,0.00012000,86168.04000000,0.00026000,86168.05000000,0.00006000,86168.08000000,0.00006000,86168.09000000,0.00019000,86168.12000000,0.00008000,86168.13000000,0.00013000
1741430501094,86174.18000000,4.71794000,86174.17000000,0.00006000,86174.00000000,0.01400000,86173.01000000,0.00006000,86173.00000000,1.92760000,86172.99000000,0.65740000,86172.78000000,0.08545000,86172.55000000,0.00006000,86172.53000000,0.03006000,86172.00000000,0.01406000,86174.19000000,0.16098000,86174.22000000,0.00018000,86174.87000000,0.00033000,86174.88000000,0.01178000,86175.04000000,0.00018000,86175.99000000,0.00020000,86176.00000000,0.01412000,86176.13000000,0.00031000,86176.47000000,0.00014000,86176.48000000,0.06952000
1741430502163,86176.47000000,5.02509000,86176.00000000,0.01406000,86175.74000000,2.54767000,86175.32000000,0.46956000,86175.30000000,0.00006000,86174.89000000,0.00006000,86174.88000000,0.00021000,86174.87000000,0.00925000,86174.63000000,0.04177000,86174.18000000,0.06107000,86176.48000000,0.07018000,86176.51000000,0.00024000,86176.59000000,0.00025000,86176.61000000,0.00018000,86176.64000000,0.00014000,86177.00000000,0.00112000,86177.48000000,0.00012000,86177.73000000,0.00016000,86177.81000000,0.00041000,86177.82000000,0.00014000
1741430502995,86176.47000000,4.00839000,86176.01000000,0.00014000,86176.00000000,0.01406000,86175.76000000,0.00014000,86175.75000000,0.22613000,86175.74000000,0.66356000,86174.89000000,0.00006000,86174.87000000,0.00275000,86174.63000000,0.04177000,86174.18000000,0.05744000,86176.48000000,0.23381000,86176.51000000,0.00024000,86176.53000000,0.00026000,86176.58000000,0.00025000,86176.59000000,0.00012000,86176.61000000,0.00006000,86176.64000000,0.00020000,86177.00000000,0.00106000,86177.48000000,0.00006000,86177.73000000,0.00010000
1741430503945,86176.47000000,3.76731000,86176.01000000,0.00014000,86176.00000000,0.01406000,86175.76000000,0.00014000,86175.75000000,0.22613000,86175.74000000,0.66356000,86175.04000000,0.00006000,86174.89000000,0.00006000,86174.87000000,0.00275000,86174.63000000,0.04171000,86176.48000000,0.36546000,86176.51000000,0.00024000,86176.52000000,0.00012000,86176.53000000,0.00025000,86176.57000000,0.00026000,86176.58000000,0.00006000,86176.59000000,0.00006000,86176.61000000,0.00020000,86177.00000000,0.00100000,86177.48000000,0.00006000
1741430505011,86176.47000000,1.29433000,86176.46000000,0.00772000,86176.42000000,0.00014000,86176.39000000,0.00013000,86176.01000000,0.00014000,86176.00000000,0.01406000,86174.90000000,0.00021000,86174.87000000,0.00275000,86174.18000000,0.00504000,86174.02000000,0.00006000,86176.48000000,2.89465000,86176.50000000,0.00020000,86176.51000000,0.00038000,86176.52000000,0.00012000,86176.53000000,0.00012000,86176.57000000,0.00006000,86176.59000000,0.00006000,86176.72000000,0.00020000,86176.73000000,0.43640000,86176.74000000,0.76598000
1741430505962,86176.47000000,1.23250000,86176.46000000,0.01833000,86176.01000000,0.00014000,86176.00000000,0.01406000,86174.90000000,0.00021000,86174.87000000,0.00275000,86174.18000000,0.00504000,86174.12000000,0.00014000,86174.11000000,0.05996000,86174.02000000,0.00020000,86176.48000000,3.54107000,86176.50000000,0.00033000,86176.51000000,0.00024000,86176.52000000,0.00012000,86176.53000000,0.00012000,86176.57000000,0.00006000,86176.59000000,0.00006000,86176.72000000,0.00020000,86176.73000000,0.43640000,86176.74000000,0.76598000
1741430506928,86176.47000000,1.22533000,86176.46000000,0.01847000,86176.41000000,0.00013000,86176.39000000,0.00013000,86176.01000000,0.00014000,86176.00000000,0.01406000,86174.90000000,0.00021000,86174.87000000,0.00275000,86174.18000000,0.00504000,86174.12000000,0.00014000,86176.48000000,3.55642000,86176.49000000,0.00025000,86176.50000000,0.00020000,86176.51000000,0.00024000,86176.52000000,0.00012000,86176.53000000,0.00006000,86176.57000000,0.00006000,86176.59000000,0.00006000,86176.72000000,0.00014000,86176.73000000,0.43640000
1741430507946,86176.47000000,1.15124000,86176.46000000,0.01833000,86176.45000000,0.00013000,86176.41000000,0.00013000,86176.38000000,0.00014000,86176.01000000,0.00014000,86176.00000000,0.01406000,86174.90000000,0.00021000,86174.87000000,0.00275000,86174.19000000,0.00041000,86176.48000000,3.55685000,86176.49000000,0.00012000,86176.50000000,0.00020000,86176.51000000,0.00024000,86176.52000000,0.00012000,86176.53000000,0.00006000,86176.57000000,0.00006000,86176.59000000,0.00006000,86176.72000000,0.00014000,86176.73000000,0.43640000
1741430508929,86176.47000000,1.15034000,86176.46000000,0.02804000,86176.44000000,0.00013000,86176.40000000,0.00014000,86176.01000000,0.00014000,86176.00000000,0.01406000,86174.90000000,0.00021000,86174.87000000,0.00275000,86174.19000000,0.00041000,86174.18000000,0.00504000,86176.48000000,3.55660000,86176.49000000,0.00012000,86176.50000000,0.00020000,86176.51000000,0.00024000,86176.52000000,0.00012000,86176.53000000,0.00006000,86176.57000000,0.00006000,86176.59000000,0.00006000,86176.72000000,0.00020000,86176.73000000,0.43640000
1741430509945,86176.47000000,2.17937000,86176.46000000,0.02804000,86176.44000000,0.00027000,86176.43000000,0.00013000,86176.01000000,0.00014000,86176.00000000,0.01406000,86174.90000000,0.00021000,86174.87000000,0.00275000,86174.19000000,0.00041000,86174.18000000,0.00504000,86176.48000000,2.42872000,86176.49000000,0.00012000,86176.50000000,0.00020000,86176.51000000,0.00024000,86176.52000000,0.00012000,86176.53000000,0.00006000,86176.57000000,0.00006000,86176.59000000,0.00006000,86176.72000000,0.00020000,86176.73000000,0.43640000
1741430510978,86176.47000000,3.30431000,86176.46000000,0.02804000,86176.45000000,0.00013000,86176.09000000,0.00014000,86176.08000000,0.23666000,86176.07000000,0.76593000,86176.00000000,0.01406000,86175.28000000,0.00010000,86175.07000000,0.04192000,86174.89000000,0.00006000,86176.48000000,0.36426000,86176.49000000,0.00012000,86176.50000000,0.00012000,86176.51000000,0.00024000,86176.52000000,0.00012000,86176.53000000,0.00006000,86176.58000000,0.00019000,86176.61000000,0.00006000,86178.16000000,0.00006000,86178.17000000,0.00021000
1741430511928,86176.47000000,3.28775000,86176.46000000,0.02818000,86176.32000000,0.05584000,86176.00000000,0.01406000,86175.28000000,0.00010000,86175.09000000,0.00018000,86175.07000000,0.04192000,86174.89000000,0.00006000,86174.87000000,0.00275000,86174.19000000,0.00041000,86176.48000000,0.06781000,86176.49000000,0.00026000,86176.50000000,0.00012000,86176.51000000,0.00024000,86176.52000000,0.00012000,86176.53000000,0.00006000,86176.57000000,0.00019000,86176.58000000,0.00006000,86176.61000000,0.00013000,86178.16000000,0.00006000
1741430513103,86179.99000000,2.96310000,86179.98000000,0.09642000,86178.73000000,0.00014000,86178.72000000,0.09060000,86178.47000000,0.01005000,86178.40000000,0.00014000,86178.39000000,0.86125000,86178.38000000,0.00006000,86178.36000000,0.00006000,86178.34000000,0.45006000,86180.00000000,2.07738000,86180.02000000,0.00025000,86180.03000000,0.00029000,86180.04000000,0.00026000,86180.05000000,0.00026000,86180.08000000,0.00006000,86180.10000000,0.00006000,86180.13000000,0.00006000,86180.46000000,0.00007000,86180.78000000,0.00008000
1741430513991,86179.99000000,2.93074000,86179.98000000,0.00055000,86178.48000000,0.00014000,86178.47000000,0.01005000,86178.44000000,0.00014000,86178.43000000,0.07410000,86178.36000000,0.00006000,86178.28000000,0.01160000,86178.00000000,0.01406000,86177.49000000,0.01011000,86180.00000000,1.71116000,86180.02000000,0.00012000,86180.03000000,0.00043000,86180.04000000,0.00012000,86180.05000000,0.00040000,86180.08000000,0.00006000,86180.10000000,0.00006000,86180.13000000,0.00006000,86180.46000000,0.00007000,86180.78000000,0.00008000
1741430514929,86179.99000000,2.47134000,86179.98000000,0.00055000,86178.44000000,0.00014000,86178.43000000,0.07410000,86178.36000000,0.00006000,86178.28000000,0.01160000,86178.00000000,0.01406000,86177.58000000,0.01000000,86177.36000000,0.00014000,86177.35000000,0.04691000,86180.00000000,2.15900000,86180.02000000,0.00039000,86180.03000000,0.00043000,86180.04000000,0.00012000,86180.05000000,0.00012000,86180.08000000,0.00006000,86180.10000000,0.00006000,86180.13000000,0.00006000,86180.46000000,0.00007000,86180.78000000,0.00008000
1741430515944,86179.99000000,2.04233000,86179.98000000,0.00055000,86178.49000000,0.00014000,86178.48000000,0.20742000,86178.47000000,0.46950000,86178.43000000,0.00006000,86178.36000000,0.00006000,86178.28000000,0.01160000,86178.13000000,0.04685000,86178.00000000,0.01400000,86180.00000000,2.55523000,86180.01000000,0.00038000,86180.02000000,0.00012000,86180.03000000,0.00043000,86180.04000000,0.00012000,86180.05000000,0.00006000,86180.08000000,0.00006000,86180.10000000,0.00006000,86180.46000000,0.00007000,86180.78000000,0.00008000
1741430516931,86179.99000000,2.00057000,86179.98000000,0.00068000,86179.97000000,0.00014000,86178.49000000,0.00014000,86178.48000000,0.20742000,86178.47000000,0.46950000,86178.43000000,0.00006000,86178.36000000,0.00006000,86178.28000000,0.01160000,86178.13000000,0.04685000,86180.00000000,2.03116000,86180.01000000,0.00012000,86180.02000000,0.00025000,86180.03000000,0.00029000,86180.04000000,0.00012000,86180.05000000,0.00006000,86180.08000000,0.00006000,86180.10000000,0.00006000,86180.46000000,0.00007000,86180.78000000,0.00008000
1741430517982,86179.99000000,3.42726000,86179.98000000,0.00055000,86178.49000000,0.00014000,86178.48000000,0.41151000,86178.36000000,0.00006000,86178.28000000,0.01160000,86178.13000000,0.00006000,86178.00000000,0.01406000,86177.33000000,0.76592000,86176.90000000,0.01010000,86180.00000000,1.46595000,86180.01000000,0.00012000,86180.02000000,0.00012000,86180.03000000,0.00029000,86180.04000000,0.00012000,86180.05000000,0.00006000,86180.08000000,0.00006000,86180.10000000,0.00006000,86180.46000000,0.00007000,86180.78000000,0.00008000
1741430518944,86179.99000000,2.05432000,86179.98000000,0.00069000,86179.97000000,0.00026000,86178.49000000,0.00014000,86178.48000000,0.06683000,86178.36000000,0.00006000,86178.28000000,0.01160000,86178.13000000,0.00006000,86178.00000000,0.01406000,86176.96000000,0.00014000,86180.00000000,2.29930000,86180.01000000,0.00026000,86180.02000000,0.00012000,86180.03000000,0.00029000,86180.04000000,0.00012000,86180.05000000,0.00006000,86180.08000000,0.00006000,86180.10000000,0.00006000,86180.46000000,0.00007000,86180.78000000,0.00008000
1741430519975,86179.99000000,3.48517000,86179.98000000,0.00055000,86179.77000000,0.00014000,86179.76000000,0.29656000,86179.75000000,0.76590000,86178.28000000,0.01160000,86178.13000000,0.00006000,86178.00000000,0.01406000,86176.90000000,0.01010000,86176.65000000,0.01005000,86180.00000000,0.52042000,86180.01000000,0.00012000,86180.02000000,0.00026000,86180.03000000,0.00029000,86180.04000000,0.00012000,86180.05000000,0.00006000,86180.08000000,0.00006000,86180.09000000,0.00019000,86180.12000000,0.00013000,86180.46000000,0.00007000
1741430520951,86179.99000000,2.58038000,86179.98000000,0.00069000,86179.77000000,0.00014000,86179.76000000,0.29642000,86178.28000000,0.01160000,86178.13000000,0.00006000,86178.00000000,0.01406000,86177.21000000,0.00014000,86177.20000000,0.76592000,86176.90000000,0.01010000,86180.00000000,1.65559000,86180.01000000,0.00025000,86180.02000000,0.00012000,86180.03000000,0.00043000,86180.04000000,0.00026000,86180.05000000,0.00006000,86180.08000000,0.00006000,86180.09000000,0.00006000,86180.46000000,0.00007000,86180.78000000,0.00008000
1741430521929,86179.99000000,3.48026000,86179.98000000,0.00055000,86179.77000000,0.00014000,86179.76000000,0.29642000,86178.28000000,0.01160000,86178.13000000,0.00006000,86178.00000000,0.01406000,86177.92000000,0.01005000,86177.48000000,0.01009000,86177.21000000,0.00014000,86180.00000000,1.13387000,86180.01000000,0.00012000,86180.02000000,0.00025000,86180.03000000,0.00029000,86180.04000000,0.00012000,86180.05000000,0.00006000,86180.06000000,0.00020000,86180.08000000,0.00006000,86180.09000000,0.00014000,86180.46000000,0.00007000
1741430523038,86179.99000000,3.61652000,86179.98000000,0.00055000,86179.77000000,0.00014000,86179.76000000,0.30330000,86179.66000000,0.04156000,86179.41000000,0.00010000,86178.93000000,0.01645000,86178.36000000,0.00006000,86178.28000000,0.01160000,86178.13000000,0.00006000,86180.00000000,1.07354000,86180.01000000,0.00012000,86180.02000000,0.00012000,86180.03000000,0.00042000,86180.04000000,0.00012000,86180.05000000,0.00006000,86180.06000000,0.00020000,86180.08000000,0.00006000,86180.14000000,0.00013000,86180.43000000,0.00008000
1741430523944,86179.99000000,3.06250000,86179.98000000,0.00055000,86179.77000000,0.00014000,86179.76000000,0.08519000,86179.67000000,0.00014000,86179.66000000,0.04156000,86178.28000000,0.01160000,86178.13000000,0.00006000,86178.00000000,0.01406000,86177.92000000,0.01005000,86180.00000000,1.53369000,86180.01000000,0.00012000,86180.02000000,0.00012000,86180.03000000,0.00042000,86180.04000000,0.00026000,86180.05000000,0.00006000,86180.06000000,0.00020000,86180.07000000,0.00006000,86180.43000000,0.00008000,86180.46000000,0.00007000
1741430525015,86179.99000000,2.90858000,86179.98000000,0.00055000,86179.75000000,0.00008000,86179.52000000,0.00014000,86179.51000000,0.36262000,86179.50000000,0.76590000,86178.28000000,0.01160000,86178.00000000,0.01400000,86177.92000000,0.01005000,86177.48000000,0.01009000,86180.00000000,1.63139000,86180.01000000,0.00012000,86180.02000000,0.00012000,86180.03000000,0.00043000,86180.04000000,0.00012000,86180.05000000,0.00006000,86180.06000000,0.00006000,86180.07000000,0.00006000,86180.09000000,0.00013000,86180.29000000,0.00033000
1741430525944,86179.99000000,3.04098000,86179.98000000,0.00055000,86179.75000000,0.00008000,86179.53000000,0.00014000,86179.52000000,0.27589000,86178.28000000,0.01160000,86178.00000000,0.01400000,86177.92000000,0.01005000,86177.48000000,0.01009000,86176.90000000,0.01010000,86180.00000000,0.51665000,86180.01000000,0.00012000,86180.02000000,0.00012000,86180.03000000,0.00043000,86180.04000000,0.00012000,86180.05000000,0.00006000,86180.06000000,0.00020000,86180.07000000,0.00006000,86180.29000000,0.00033000,86180.43000000,0.00008000
1741430526993,86179.99000000,3.03782000,86179.98000000,0.00055000,86179.75000000,0.00008000,86179.53000000,0.00014000,86179.52000000,0.27589000,86179.21000000,0.00014000,86179.20000000,0.76590000,86178.36000000,0.00006000,86178.28000000,0.01160000,86178.00000000,0.01400000,86180.00000000,0.51260000,86180.01000000,0.00012000,86180.02000000,0.00012000,86180.03000000,0.00043000,86180.04000000,0.00012000,86180.05000000,0.00006000,86180.06000000,0.00006000,86180.07000000,0.00006000,86180.09000000,0.00013000,86180.12000000,0.00013000
1741430528016,86179.99000000,3.04189000,86179.98000000,0.00055000,86179.75000000,0.00008000,86179.53000000,0.00014000,86179.52000000,0.27589000,86179.21000000,0.00014000,86179.20000000,0.76590000,86178.36000000,0.00006000,86178.28000000,0.01160000,86178.00000000,0.01400000,86180.00000000,0.40902000,86180.01000000,0.00012000,86180.02000000,0.00012000,86180.03000000,0.00043000,86180.04000000,0.00012000,86180.05000000,0.00006000,86180.06000000,0.00006000,86180.07000000,0.00006000,86180.09000000,0.00013000,86180.12000000,0.00013000
1741430528944,86179.99000000,2.90942000,86179.98000000,0.00055000,86179.75000000,0.00008000,86179.53000000,0.00014000,86179.52000000,0.27589000,86179.21000000,0.00014000,86179.20000000,0.76590000,86178.91000000,0.00010000,86178.43000000,0.01645000,86178.36000000,0.00006000,86180.00000000,0.23094000,86180.01000000,0.00012000,86180.02000000,0.00012000,86180.03000000,0.00043000,86180.04000000,0.00012000,86180.05000000,0.00006000,86180.06000000,0.00006000,86180.07000000,0.00006000,86180.08000000,0.00006000,86180.10000000,0.00013000
1741430529928,86179.99000000,2.91563000,86179.98000000,0.00055000,86179.75000000,0.00008000,86179.53000000,0.00014000,86179.52000000,0.27595000,86179.21000000,0.00014000,86179.20000000,0.76596000,86178.91000000,0.00010000,86178.43000000,0.01651000,86178.36000000,0.00006000,86180.00000000,0.39448000,86180.01000000,0.00012000,86180.02000000,0.00012000,86180.03000000,0.00029000,86180.04000000,0.00012000,86180.05000000,0.00019000,86180.06000000,0.00006000,86180.07000000,0.00006000,86180.09000000,0.00014000,86180.12000000,0.00014000
1741430530928,86179.99000000,2.97416000,86179.98000000,0.00055000,86179.75000000,0.00008000,86179.53000000,0.00014000,86179.52000000,0.27595000,86179.21000000,0.00014000,86179.20000000,0.76596000,86178.91000000,0.00010000,86178.43000000,0.01651000,86178.36000000,0.00006000,86180.00000000,0.39079000,86180.01000000,0.00012000,86180.02000000,0.00012000,86180.03000000,0.00029000,86180.04000000,0.00012000,86180.05000000,0.00019000,86180.06000000,0.00006000,86180.07000000,0.00006000,86180.12000000,0.00013000,86180.20000000,0.00030000
1741430531928,86179.99000000,2.91347000,86179.98000000,0.00055000,86179.75000000,0.00008000,86179.53000000,0.00014000,86179.52000000,0.27595000,86179.21000000,0.00014000,86179.20000000,0.76596000,86178.43000000,0.01651000,86178.36000000,0.00006000,86178.28000000,0.01160000,86180.00000000,0.39085000,86180.01000000,0.00012000,86180.02000000,0.00012000,86180.03000000,0.00029000,86180.04000000,0.00012000,86180.05000000,0.00019000,86180.06000000,0.00006000,86180.07000000,0.00006000,86180.09000000,0.00014000,86180.12000000,0.00013000
1741430532929,86179.99000000,2.91368000,86179.98000000,0.00055000,86179.75000000,0.00008000,86179.53000000,0.00014000,86179.52000000,0.27595000,86179.21000000,0.00014000,86179.20000000,0.76596000,86178.43000000,0.01651000,86178.36000000,0.00006000,86178.28000000,0.01160000,86180.00000000,0.98755000,86180.01000000,0.00012000,86180.02000000,0.00012000,86180.03000000,0.00029000,86180.04000000,0.00012000,86180.05000000,0.00019000,86180.06000000,0.00019000,86180.07000000,0.00006000,86180.10000000,0.00014000,86180.46000000,0.00007000
1741430533944,86179.99000000,2.91235000,86179.98000000,0.00055000,86179.75000000,0.00008000,86179.53000000,0.00014000,86179.52000000,0.27595000,86179.21000000,0.00014000,86179.20000000,0.76596000,86178.43000000,0.01651000,86178.36000000,0.00006000,86178.28000000,0.01160000,86180.00000000,1.43166000,86180.01000000,0.00012000,86180.02000000,0.00012000,86180.03000000,0.00029000,86180.04000000,0.00039000,86180.05000000,0.00006000,86180.06000000,0.00019000,86180.07000000,0.00006000,86180.46000000,0.00007000,86181.58000000,0.00014000
1741430534928,86179.99000000,2.50796000,86179.98000000,0.00055000,86179.75000000,0.00008000,86179.53000000,0.00014000,86179.52000000,0.27589000,86179.20000000,0.00006000,86178.43000000,0.01651000,86178.36000000,0.00006000,86178.28000000,0.01160000,86178.00000000,0.01400000,86180.00000000,2.71336000,86180.01000000,0.00012000,86180.02000000,0.00012000,86180.03000000,0.00042000,86180.04000000,0.00012000,86180.05000000,0.00006000,86180.06000000,0.00020000,86180.07000000,0.00006000,86180.09000000,0.00014000,86180.46000000,0.00007000
1741430535929,86179.99000000,2.95655000,86179.98000000,0.00055000,86179.75000000,0.00008000,86179.53000000,0.00014000,86179.52000000,0.27589000,86178.43000000,0.00006000,86178.28000000,0.01160000,86178.00000000,0.01400000,86177.92000000,0.01005000,86177.48000000,0.01009000,86180.00000000,2.10049000,86180.01000000,0.00012000,86180.02000000,0.00012000,86180.03000000,0.00055000,86180.04000000,0.00026000,86180.05000000,0.00006000,86180.06000000,0.00006000,86180.07000000,0.00006000,86180.46000000,0.00007000,86181.58000000,0.00014000
1741430536928,86179.99000000,2.96160000,86179.98000000,0.00055000,86179.75000000,0.00008000,86179.53000000,0.00014000,86179.52000000,0.27589000,86178.43000000,0.00006000,86178.28000000,0.01160000,86178.00000000,0.01400000,86177.92000000,0.01005000,86177.48000000,0.01009000,86180.00000000,2.24852000,86180.01000000,0.00012000,86180.02000000,0.00038000,86180.03000000,0.00043000,86180.04000000,0.00012000,86180.05000000,0.00006000,86180.06000000,0.00006000,86180.07000000,0.00006000,86180.46000000,0.00007000,86181.58000000,0.00014000
1741430537970,86179.99000000,3.01083000,86179.98000000,0.00055000,86179.75000000,0.00008000,86179.53000000,0.00014000,86179.52000000,0.27589000,86178.43000000,0.00006000,86178.28000000,0.01160000,86178.00000000,0.01400000,86177.92000000,0.01005000,86177.48000000,0.01009000,86180.00000000,1.73761000,86180.01000000,0.00012000,86180.02000000,0.00025000,86180.03000000,0.00029000,86180.04000000,0.00025000,86180.05000000,0.00020000,86180.06000000,0.00006000,86180.07000000,0.00006000,86180.46000000,0.00007000,86181.58000000,0.00014000
1741430538973,86179.99000000,3.01072000,86179.98000000,0.00055000,86179.75000000,0.00008000,86179.53000000,0.00014000,86179.52000000,0.27589000,86179.13000000,0.00014000,86179.12000000,0.76590000,86178.43000000,0.00006000,86178.36000000,0.00006000,86178.28000000,0.01160000,86180.00000000,2.18749000,86180.01000000,0.00012000,86180.02000000,0.00025000,86180.03000000,0.00055000,86180.04000000,0.00012000,86180.05000000,0.00006000,86180.06000000,0.00006000,86180.07000000,0.00006000,86180.46000000,0.00007000,86181.59000000,0.00064000
1741430539920,86179.99000000,2.56099000,86179.98000000,0.00055000,86179.75000000,0.00008000,86179.53000000,0.00014000,86179.52000000,0.27589000,86178.43000000,0.00006000,86178.28000000,0.01160000,86178.00000000,0.01400000,86177.92000000,0.01005000,86177.48000000,0.01009000,86180.00000000,2.69096000,86180.01000000,0.00039000,86180.02000000,0.00025000,86180.03000000,0.00029000,86180.04000000,0.00012000,86180.05000000,0.00006000,86180.06000000,0.00006000,86180.07000000,0.00006000,86180.46000000,0.00007000,86181.59000000,0.00064000
1741430540927,86179.99000000,2.13927000,86179.98000000,0.00055000,86179.97000000,0.00028000,86179.80000000,0.00014000,86179.79000000,0.40722000,86179.78000000,0.46950000,86179.75000000,0.00008000,86178.43000000,0.00006000,86178.28000000,0.01160000,86178.00000000,0.01400000,86180.00000000,2.61001000,86180.01000000,0.00012000,86180.02000000,0.00025000,86180.03000000,0.00029000,86180.04000000,0.00012000,86180.05000000,0.00006000,86180.06000000,0.00006000,86180.07000000,0.00006000,86180.46000000,0.00007000,86181.58000000,0.00014000
1741430541927,86179.99000000,3.45988000,86179.98000000,0.00068000,86179.91000000,0.05903000,86179.80000000,0.00014000,86179.79000000,0.26637000,86179.75000000,0.00008000,86179.31000000,0.00014000,86179.30000000,0.76590000,86178.43000000,0.00006000,86178.28000000,0.01160000,86180.00000000,2.00330000,86180.01000000,0.00025000,86180.02000000,0.00012000,86180.03000000,0.00029000,86180.04000000,0.00012000,86180.05000000,0.00006000,86180.06000000,0.00006000,86180.07000000,0.00006000,86180.46000000,0.00007000,86181.21000000,0.00009000
1741430542944,86179.99000000,2.17255000,86179.98000000,0.00068000,86179.84000000,0.00014000,86179.83000000,0.46950000,86179.79000000,0.26637000,86179.75000000,0.00008000,86178.43000000,0.00006000,86178.28000000,0.01160000,86178.00000000,0.01400000,86177.92000000,0.01005000,86180.00000000,3.35306000,86180.01000000,0.00026000,86180.02000000,0.00012000,86180.03000000,0.00029000,86180.04000000,0.00012000,86180.05000000,0.00006000,86180.06000000,0.00006000,86180.07000000,0.00006000,86180.46000000,0.00007000,86181.21000000,0.00009000
1741430543928,86179.99000000,2.06923000,86179.98000000,0.00068000,86179.96000000,0.00014000,86179.94000000,0.00013000,86179.85000000,0.00014000,86179.84000000,0.27995000,86179.75000000,0.00008000,86178.43000000,0.00006000,86178.28000000,0.01160000,86178.00000000,0.01400000,86180.00000000,3.34337000,86180.01000000,0.00026000,86180.02000000,0.00012000,86180.03000000,0.00029000,86180.04000000,0.00012000,86180.05000000,0.00006000,86180.06000000,0.00006000,86180.07000000,0.00006000,86180.46000000,0.00007000,86181.21000000,0.00009000
1741430544943,86179.99000000,1.99474000,86179.98000000,0.00055000,86179.97000000,0.00014000,86179.95000000,0.00014000,86179.93000000,0.00014000,86179.85000000,0.00014000,86179.84000000,0.04158000,86179.75000000,0.00008000,86178.43000000,0.00006000,86178.29000000,0.00014000,86180.00000000,3.85871000,86180.01000000,0.00012000,86180.02000000,0.00012000,86180.03000000,0.00029000,86180.04000000,0.00012000,86180.05000000,0.00006000,86180.06000000,0.00006000,86180.07000000,0.00006000,86180.46000000,0.00007000,86181.21000000,0.00009000
1741430545928,86179.99000000,1.99481000,86179.98000000,0.00055000,86179.97000000,0.00014000,86179.96000000,0.00014000,86179.94000000,0.00014000,86179.85000000,0.00014000,86179.84000000,0.04158000,86179.75000000,0.00008000,86178.43000000,0.00006000,86178.29000000,0.00014000,86180.00000000,3.28417000,86180.01000000,0.16366000,86180.02000000,0.46962000,86180.03000000,0.00029000,86180.04000000,0.00012000,86180.05000000,0.00006000,86180.06000000,0.00006000,86180.07000000,0.00006000,86180.46000000,0.00007000,86181.21000000,0.00009000
1741430546929,86179.99000000,2.05648000,86179.98000000,0.00055000,86179.97000000,0.00014000,86179.94000000,0.00014000,86179.85000000,0.00014000,86179.84000000,0.04158000,86179.79000000,0.00008000,86178.43000000,0.00006000,86178.29000000,0.00014000,86178.28000000,0.01160000,86180.00000000,3.28356000,86180.01000000,0.24551000,86180.02000000,0.00012000,86180.03000000,0.00029000,86180.04000000,0.00012000,86180.05000000,0.00006000,86180.06000000,0.00006000,86180.07000000,0.00006000,86180.46000000,0.00007000,86180.55000000,0.00014000
1741430547985,86179.99000000,2.77391000,86179.98000000,0.00055000,86179.97000000,0.00014000,86179.85000000,0.00014000,86179.84000000,0.27483000,86179.79000000,0.00008000,86179.45000000,0.05877000,86178.43000000,0.00006000,86178.28000000,0.01160000,86178.14000000,0.04527000,86180.00000000,2.62959000,86180.01000000,0.02198000,86180.02000000,0.00012000,86180.03000000,0.00043000,86180.04000000,0.00026000,86180.05000000,0.00006000,86180.06000000,0.00006000,86180.07000000,0.00006000,86180.46000000,0.00007000,86181.04000000,0.00022000
1741430549008,86179.99000000,3.09166000,86179.98000000,0.00069000,86179.85000000,0.00014000,86179.84000000,0.27483000,86179.79000000,0.00008000,86179.45000000,0.05877000,86178.47000000,0.01008000,86178.43000000,0.00006000,86178.36000000,0.00006000,86178.28000000,0.01160000,86180.00000000,1.72927000,86180.01000000,0.02212000,86180.02000000,0.00012000,86180.03000000,0.00042000,86180.04000000,0.00026000,86180.05000000,0.00006000,86180.06000000,0.00006000,86180.07000000,0.00006000,86180.46000000,0.00007000,86181.04000000,0.00008000
1741430549927,86179.99000000,2.64195000,86179.98000000,0.00069000,86179.85000000,0.00014000,86179.84000000,0.29019000,86179.79000000,0.00008000,86179.45000000,0.05877000,86178.47000000,0.01008000,86178.43000000,0.00006000,86178.36000000,0.00006000,86178.28000000,0.01160000,86180.00000000,2.63165000,86180.01000000,0.00053000,86180.02000000,0.00012000,86180.03000000,0.00029000,86180.04000000,0.00012000,86180.05000000,0.00006000,86180.06000000,0.00006000,86180.07000000,0.00006000,86180.46000000,0.00007000,86181.04000000,0.00008000
1741430550920,86179.99000000,2.64200000,86179.98000000,0.00069000,86179.85000000,0.00014000,86179.84000000,0.29019000,86179.79000000,0.00008000,86179.40000000,0.05950000,86178.47000000,0.01008000,86178.43000000,0.00006000,86178.36000000,0.00006000,86178.28000000,0.01160000,86180.00000000,2.69071000,86180.01000000,0.00054000,86180.02000000,0.00012000,86180.03000000,0.00029000,86180.04000000,0.00012000,86180.05000000,0.00006000,86180.06000000,0.00006000,86180.07000000,0.00006000,86180.46000000,0.00007000,86181.04000000,0.00008000
1741430551978,86179.99000000,2.64216000,86179.98000000,0.00083000,86179.85000000,0.00014000,86179.84000000,0.29019000,86179.79000000,0.00008000,86178.47000000,0.01008000,86178.43000000,0.00006000,86178.36000000,0.00006000,86178.28000000,0.01160000,86178.14000000,0.04527000,86180.00000000,2.75038000,86180.01000000,0.00040000,86180.02000000,0.00025000,86180.03000000,0.00029000,86180.04000000,0.00012000,86180.05000000,0.00006000,86180.06000000,0.00006000,86180.07000000,0.00006000,86180.46000000,0.00007000,86181.01000000,0.00014000
1741430553002,86179.99000000,2.64212000,86179.98000000,0.00095000,86179.85000000,0.00014000,86179.84000000,0.29019000,86179.79000000,0.00008000,86178.47000000,0.01008000,86178.43000000,0.00006000,86178.36000000,0.00006000,86178.28000000,0.01160000,86178.14000000,0.04527000,86180.00000000,2.69075000,86180.01000000,0.00051000,86180.02000000,0.00012000,86180.03000000,0.00029000,86180.04000000,0.00012000,86180.05000000,0.00006000,86180.06000000,0.00006000,86180.07000000,0.00006000,86180.46000000,0.00007000,86181.01000000,0.00014000
1741430553924,86179.99000000,2.64277000,86179.98000000,0.00055000,86179.85000000,0.00014000,86179.84000000,0.29019000,86179.79000000,0.00008000,86178.47000000,0.01008000,86178.43000000,0.00006000,86178.36000000,0.00006000,86178.28000000,0.01160000,86178.14000000,0.04527000,86180.00000000,2.75021000,86180.01000000,0.00012000,86180.02000000,0.00026000,86180.03000000,0.00029000,86180.04000000,0.00025000,86180.05000000,0.00020000,86180.06000000,0.00006000,86180.07000000,0.00006000,86180.46000000,0.00007000,86181.01000000,0.00014000
1741430554920,86179.99000000,3.09236000,86179.98000000,0.00095000,86179.85000000,0.00014000,86179.84000000,0.29019000,86179.79000000,0.00008000,86178.47000000,0.01008000,86178.43000000,0.00006000,86178.36000000,0.00006000,86178.28000000,0.01160000,86178.14000000,0.04527000,86180.00000000,2.30106000,86180.01000000,0.00051000,86180.02000000,0.00012000,86180.03000000,0.00029000,86180.04000000,0.00012000,86180.05000000,0.00006000,86180.06000000,0.00006000,86180.07000000,0.00006000,86180.46000000,0.00007000,86181.01000000,0.00014000
1741430555990,86181.70000000,4.62696000,86181.69000000,0.00055000,86180.04000000,0.78776000,86180.02000000,0.00006000,86180.01000000,0.34836000,86180.00000000,0.01406000,86179.99000000,0.69533000,86179.91000000,0.76596000,86179.55000000,0.00010000,86179.10000000,0.01010000,86181.71000000,0.09252000,86181.73000000,0.00012000,86181.74000000,0.00021000,86181.81000000,0.00018000,86181.82000000,0.00025000,86181.86000000,0.00020000,86182.02000000,0.00020000,86182.03000000,0.01397000,86182.68000000,0.00006000,86182.80000000,0.00011000
1741430556996,86181.70000000,4.97732000,86181.69000000,0.00055000,86180.05000000,0.00014000,86180.04000000,0.55202000,86180.01000000,0.00006000,86180.00000000,0.01406000,86179.99000000,0.68909000,86179.91000000,0.76596000,86179.55000000,0.00010000,86179.11000000,0.04175000,86181.71000000,0.09170000,86181.73000000,0.00012000,86181.74000000,0.00034000,86181.81000000,0.00018000,86181.82000000,0.00025000,86181.85000000,0.00014000,86181.86000000,0.00020000,86182.02000000,0.00020000,86182.03000000,0.01391000,86182.68000000,0.00006000
1741430558020,86181.70000000,4.94891000,86181.69000000,0.00055000,86180.14000000,0.00014000,86180.13000000,0.05804000,86180.09000000,0.00006000,86180.05000000,0.00014000,86180.04000000,0.55208000,86180.00000000,0.01406000,86179.99000000,0.68864000,86179.91000000,0.76590000,86181.71000000,0.16592000,86181.73000000,0.00012000,86181.74000000,0.00021000,86181.75000000,0.00025000,86181.81000000,0.00012000,86181.82000000,0.00019000,86181.85000000,0.00006000,86181.86000000,0.00020000,86182.02000000,0.00014000,86182.03000000,0.01397000
1741430558948,86181.70000000,3.78370000,86181.69000000,0.00055000,86180.14000000,0.00014000,86180.13000000,0.05804000,86180.09000000,0.00006000,86180.05000000,0.00014000,86180.04000000,0.32731000,86180.00000000,0.01406000,86179.99000000,0.23758000,86179.91000000,0.76596000,86181.71000000,0.16287000,86181.73000000,0.00012000,86181.74000000,0.00021000,86181.75000000,0.00012000,86181.76000000,0.00025000,86181.78000000,0.00006000,86181.81000000,0.00020000,86181.82000000,0.00006000,86181.86000000,0.00013000,86182.02000000,0.00014000
1741430559928,86181.70000000,3.78368000,86181.69000000,0.00055000,86180.14000000,0.00014000,86180.13000000,0.05804000,86180.09000000,0.00006000,86180.05000000,0.00014000,86180.04000000,0.32731000,86180.00000000,0.01406000,86179.99000000,0.23758000,86179.91000000,0.76596000,86181.71000000,0.38204000,86181.73000000,0.00012000,86181.74000000,0.00021000,86181.75000000,0.00012000,86181.76000000,0.00012000,86181.77000000,0.00019000,86181.78000000,0.00006000,86181.80000000,0.00020000,86181.84000000,0.00014000,86182.02000000,0.00014000
1741430560989,86181.70000000,3.78364000,86181.69000000,0.00055000,86180.14000000,0.00014000,86180.13000000,0.05804000,86180.09000000,0.00006000,86180.05000000,0.00014000,86180.04000000,0.32731000,86180.00000000,0.01406000,86179.99000000,0.16093000,86179.91000000,0.76596000,86181.71000000,0.48569000,86181.73000000,0.00012000,86181.74000000,0.00021000,86181.75000000,0.00012000,86181.76000000,0.00025000,86181.77000000,0.00006000,86181.78000000,0.00006000,86181.80000000,0.00006000,86182.02000000,0.00014000,86182.03000000,0.01391000
1741430561943,86181.70000000,3.48685000,86181.69000000,0.00055000,86180.14000000,0.00014000,86180.13000000,0.05804000,86180.09000000,0.00006000,86180.05000000,0.00014000,86180.04000000,0.07277000,86180.00000000,0.01420000,86179.99000000,0.16093000,86179.55000000,0.00010000,86181.71000000,0.66520000,86181.73000000,0.00012000,86181.74000000,0.00021000,86181.75000000,0.00026000,86181.76000000,0.00012000,86181.77000000,0.00006000,86181.78000000,0.00006000,86181.80000000,0.00020000,86182.02000000,0.00014000,86182.03000000,0.01397000
1741430562943,86181.70000000,3.55906000,86181.69000000,0.00055000,86180.14000000,0.00014000,86180.13000000,0.05804000,86180.09000000,0.00006000,86180.05000000,0.00014000,86180.04000000,0.31986000,86180.00000000,0.05061000,86179.99000000,0.16087000,86179.55000000,0.00010000,86181.71000000,0.66196000,86181.73000000,0.00012000,86181.74000000,0.00021000,86181.75000000,0.00025000,86181.76000000,0.00012000,86181.77000000,0.00006000,86181.78000000,0.00006000,86181.79000000,0.00019000,86181.82000000,0.00014000,86182.02000000,0.00014000
1741430563928,86181.70000000,3.55941000,86181.69000000,0.00055000,86180.14000000,0.00014000,86180.13000000,0.05804000,86180.09000000,0.00006000,86180.05000000,0.00014000,86180.04000000,0.31986000,86180.00000000,0.05061000,86179.99000000,0.12369000,86179.55000000,0.00010000,86181.71000000,0.52947000,86181.73000000,0.00012000,86181.74000000,0.00021000,86181.75000000,0.00025000,86181.76000000,0.00012000,86181.77000000,0.00006000,86181.78000000,0.00006000,86181.79000000,0.00019000,86181.82000000,0.00014000,86182.02000000,0.00014000
1741430565021,86181.70000000,2.63191000,86181.69000000,0.00068000,86181.62000000,0.00014000,86181.61000000,0.00013000,86180.05000000,0.00014000,86180.04000000,0.07950000,86180.01000000,0.00014000,86180.00000000,0.05075000,86179.99000000,0.12375000,86179.10000000,0.01010000,86181.71000000,4.02544000,86181.72000000,0.00025000,86181.73000000,0.00012000,86181.74000000,0.00021000,86181.75000000,0.00012000,86181.76000000,0.00006000,86181.77000000,0.00006000,86181.78000000,0.00006000,86181.99000000,0.00014000,86182.00000000,0.01866000
1741430566007,86181.70000000,2.26980000,86181.69000000,0.00055000,86180.05000000,0.00014000,86180.04000000,0.28139000,86180.00000000,0.05061000,86179.99000000,0.12381000,86179.10000000,0.01010000,86178.82000000,0.76591000,86178.61000000,0.01008000,86178.47000000,0.01008000,86181.71000000,3.34076000,86181.72000000,0.00012000,86181.73000000,0.00039000,86181.74000000,0.00021000,86181.75000000,0.00012000,86181.76000000,0.00006000,86181.77000000,0.00006000,86181.78000000,0.00006000,86181.99000000,0.00014000,86182.00000000,0.01866000
1741430566927,86181.70000000,2.26922000,86181.69000000,0.00068000,86181.67000000,0.00013000,86181.66000000,0.00014000,86180.05000000,0.00014000,86180.04000000,0.07950000,86180.01000000,0.00014000,86180.00000000,0.05075000,86179.99000000,0.12375000,86179.10000000,0.01010000,86181.71000000,3.43146000,86181.72000000,0.00026000,86181.73000000,0.00012000,86181.74000000,0.00021000,86181.75000000,0.00012000,86181.76000000,0.00006000,86181.77000000,0.00006000,86181.78000000,0.00006000,86181.99000000,0.00014000,86182.00000000,0.01866000
1741430567959,86181.70000000,3.29262000,86181.69000000,0.00068000,86180.05000000,0.00014000,86180.04000000,0.28143000,86180.00000000,0.05061000,86179.99000000,0.12381000,86179.26000000,0.76596000,86179.10000000,0.01010000,86178.61000000,0.01008000,86178.47000000,0.01008000,86181.71000000,2.12509000,86181.72000000,0.00026000,86181.73000000,0.00012000,86181.74000000,0.00021000,86181.75000000,0.00026000,86181.76000000,0.00006000,86181.77000000,0.00006000,86181.78000000,0.00006000,86181.98000000,0.00014000,86181.99000000,0.34637000
1741430568927,86181.70000000,2.92714000,86181.69000000,0.00068000,86180.05000000,0.00014000,86180.04000000,0.07950000,86180.01000000,0.00014000,86180.00000000,0.05075000,86179.99000000,0.12375000,86179.26000000,0.00006000,86179.23000000,0.04752000,86179.10000000,0.01010000,86181.71000000,1.65224000,86181.72000000,0.00026000,86181.73000000,0.00012000,86181.74000000,0.00021000,86181.75000000,0.00025000,86181.76000000,0.00020000,86181.77000000,0.00006000,86181.78000000,0.00006000,86181.98000000,0.00014000,86181.99000000,0.34637000
1741430569935,86181.70000000,3.14754000,86181.69000000,0.00055000,86180.19000000,0.00014000,86180.18000000,0.05745000,86180.09000000,0.00006000,86180.05000000,0.00014000,86180.04000000,0.29564000,86180.00000000,0.05061000,86179.99000000,0.12381000,86179.23000000,0.04758000,86181.71000000,1.64212000,86181.72000000,0.00012000,86181.73000000,0.00025000,86181.74000000,0.00021000,86181.75000000,0.00026000,86181.76000000,0.00006000,86181.77000000,0.00006000,86181.78000000,0.00006000,86181.98000000,0.00014000,86181.99000000,0.34637000
1741430570950,86181.70000000,4.43051000,86181.69000000,0.00055000,86180.19000000,0.00014000,86180.18000000,0.05745000,86180.09000000,0.00006000,86180.05000000,0.00014000,86180.04000000,0.07950000,86180.00000000,0.05061000,86179.99000000,0.12332000,86179.19000000,0.00006000,86181.71000000,0.22752000,86181.72000000,0.00012000,86181.73000000,0.00025000,86181.74000000,0.00021000,86181.75000000,0.00012000,86181.76000000,0.00006000,86181.77000000,0.00006000,86181.78000000,0.00006000,86181.81000000,0.00006000,86181.99000000,0.00020000
1741430571927,86181.70000000,4.43178000,86181.69000000,0.00055000,86181.57000000,0.00014000,86181.56000000,0.04187000,86180.19000000,0.00014000,86180.18000000,0.05745000,86180.09000000,0.00006000,86180.05000000,0.00014000,86180.04000000,0.07950000,86180.00000000,0.05061000,86181.71000000,0.22707000,86181.72000000,0.00012000,86181.73000000,0.00012000,86181.74000000,0.00034000,86181.75000000,0.00012000,86181.76000000,0.00006000,86181.77000000,0.00006000,86181.78000000,0.00006000,86181.81000000,0.00020000,86181.86000000,0.00014000
1741430572927,86181.70000000,4.42683000,86181.69000000,0.00055000,86181.57000000,0.00014000,86181.56000000,0.04187000,86180.19000000,0.00014000,86180.18000000,0.05745000,86180.09000000,0.00006000,86180.05000000,0.00014000,86180.04000000,0.07950000,86180.00000000,0.05061000,86181.71000000,0.32272000,86181.72000000,0.00012000,86181.73000000,0.00012000,86181.74000000,0.00021000,86181.75000000,0.00026000,86181.76000000,0.00006000,86181.77000000,0.00006000,86181.78000000,0.00006000,86181.81000000,0.00020000,86181.86000000,0.00014000
1741430573927,86181.70000000,4.29072000,86181.69000000,0.00055000,86181.57000000,0.00014000,86181.56000000,0.04187000,86180.19000000,0.00014000,86180.09000000,0.00006000,86180.05000000,0.00014000,86180.04000000,0.07950000,86180.00000000,0.05061000,86179.99000000,0.12318000,86181.71000000,0.38967000,86181.72000000,0.00012000,86181.73000000,0.00012000,86181.74000000,0.00021000,86181.75000000,0.00026000,86181.76000000,0.00006000,86181.77000000,0.00006000,86181.78000000,0.00006000,86181.80000000,0.00014000,86181.85000000,0.00014000
1741430575006,86184.92000000,3.20853000,86184.49000000,0.00014000,86184.48000000,0.34795000,86184.00000000,0.01400000,86183.21000000,0.01160000,86182.69000000,0.00006000,86181.82000000,0.01007000,86181.71000000,0.00149000,86181.70000000,0.19315000,86181.56000000,0.04193000,86184.93000000,3.16941000,86184.94000000,0.00026000,86184.96000000,0.00028000,86184.97000000,0.00025000,86184.98000000,0.00012000,86185.00000000,0.00006000,86185.02000000,0.00019000,86185.03000000,0.00006000,86185.64000000,0.00022000,86185.65000000,0.05796000
1741430575941,86184.92000000,2.34327000,86184.91000000,0.00006000,86184.49000000,0.00020000,86184.48000000,0.34801000,86184.00000000,0.01406000,86183.39000000,0.01017000,86183.21000000,0.01166000,86182.96000000,0.01014000,86182.69000000,0.00006000,86181.82000000,0.01007000,86184.93000000,3.15655000,86184.94000000,0.00012000,86184.96000000,0.00042000,86184.97000000,0.00012000,86184.98000000,0.00012000,86185.00000000,0.00006000,86185.02000000,0.00006000,86185.03000000,0.00006000,86185.64000000,0.00022000,86185.65000000,0.05796000
1741430576970,86184.92000000,2.35272000,86184.91000000,0.00006000,86184.90000000,0.00020000,86184.89000000,0.00020000,86184.49000000,0.00020000,86184.48000000,0.34801000,86184.00000000,0.01406000,86183.39000000,0.01017000,86183.21000000,0.01160000,86182.96000000,0.01008000,86184.93000000,3.15604000,86184.94000000,0.00012000,86184.95000000,0.00025000,86184.96000000,0.00028000,86184.97000000,0.00012000,86184.98000000,0.00006000,86185.00000000,0.00006000,86185.64000000,0.00028000,86185.65000000,0.05796000,86186.14000000,0.00006000
1741430577920,86184.92000000,2.36883000,86184.91000000,0.00006000,86184.90000000,0.00020000,86184.89000000,0.00020000,86184.49000000,0.00020000,86184.48000000,0.34801000,86184.00000000,0.01406000,86183.39000000,0.01017000,86183.21000000,0.01160000,86182.96000000,0.01008000,86184.93000000,3.15536000,86184.94000000,0.00012000,86184.95000000,0.00025000,86184.96000000,0.00028000,86184.97000000,0.00012000,86184.98000000,0.00006000,86185.00000000,0.00006000,86185.64000000,0.00028000,86185.65000000,0.05796000,86186.14000000,0.00006000
1741430578927,86184.92000000,2.39015000,86184.91000000,0.00006000,86184.90000000,0.00006000,86184.89000000,0.00019000,86184.88000000,0.00020000,86184.49000000,0.00020000,86184.48000000,0.34801000,86184.00000000,0.01406000,86183.39000000,0.01011000,86183.21000000,0.01160000,86184.93000000,3.50328000,86184.94000000,0.00025000,86184.95000000,0.00012000,86184.96000000,0.00028000,86184.97000000,0.00012000,86184.98000000,0.00006000,86185.00000000,0.00006000,86185.64000000,0.00028000,86185.65000000,0.05796000,86186.14000000,0.00006000
1741430579919,86184.92000000,2.39008000,86184.91000000,0.00006000,86184.90000000,0.00006000,86184.89000000,0.00019000,86184.88000000,0.00020000,86184.49000000,0.00020000,86184.48000000,0.34801000,86184.00000000,0.01406000,86183.71000000,0.00008000,86183.39000000,0.01011000,86184.93000000,3.50176000,86184.94000000,0.00012000,86184.95000000,0.00012000,86184.96000000,0.00028000,86184.97000000,0.00012000,86184.98000000,0.00006000,86185.00000000,0.00006000,86185.64000000,0.00028000,86185.65000000,0.05796000,86186.14000000,0.00006000
1741430580996,86179.26000000,0.00312000,86179.03000000,0.00124000,86178.61000000,0.00006000,86178.36000000,0.00006000,86178.29000000,0.00014000,86178.28000000,0.01166000,86178.19000000,0.00006000,86176.48000000,0.00152000,86176.47000000,0.02946000,86176.30000000,0.00300000,86179.27000000,0.88106000,86179.28000000,0.60409000,86179.29000000,3.18232000,86179.30000000,1.89868000,86179.31000000,0.45696000,86179.88000000,1.64964000,86179.89000000,1.64964000,86179.93000000,0.58054000,86180.00000000,0.01486000,86180.01000000,0.12290000
1741430582264,86165.28000000,0.67117000,86165.26000000,0.00025000,86165.25000000,0.00012000,86165.18000000,0.00039000,86165.17000000,0.00447000,86165.13000000,0.00020000,86164.09000000,0.00006000,86164.08000000,0.00012000,86164.07000000,0.00014000,86164.06000000,0.01311000,86165.29000000,6.67521000,86165.57000000,0.00012000,86165.99000000,0.00026000,86166.00000000,0.01418000,86166.01000000,0.00012000,86166.46000000,0.00006000,86166.99000000,0.00020000,86167.00000000,0.01166000,86167.08000000,0.00006000,86167.38000000,0.00014000
1741430583005,86165.28000000,0.57402000,86165.26000000,0.00025000,86165.25000000,0.00012000,86165.19000000,0.00012000,86165.18000000,0.00026000,86165.17000000,0.00441000,86165.15000000,0.00006000,86165.13000000,0.00006000,86164.08000000,0.00006000,86164.07000000,0.00014000,86165.29000000,6.69063000,86165.30000000,0.02012000,86165.39000000,0.00026000,86165.40000000,0.02012000,86165.57000000,0.00012000,86165.59000000,0.00020000,86165.60000000,0.09025000,86165.99000000,0.00006000,86166.00000000,0.01406000,86167.00000000,0.01160000
1741430583948,86165.28000000,0.44099000,86165.26000000,0.00025000,86165.25000000,0.00066000,86165.24000000,0.00026000,86165.19000000,0.00025000,86165.18000000,0.00020000,86165.17000000,0.00441000,86165.15000000,0.00006000,86164.49000000,0.00006000,86164.08000000,0.00006000,86165.29000000,7.26263000,86165.30000000,0.02012000,86165.39000000,0.00026000,86165.40000000,0.02012000,86165.57000000,0.00012000,86165.59000000,0.00020000,86165.60000000,0.09025000,86165.99000000,0.00006000,86166.00000000,0.01406000,86167.00000000,0.01160000
